1820 2958
216 171 429 237 iuvsnumu
447 187 498 235 111.
514 188 578 236 on.
592 189 633 236 aa
711 165 772 238 aas

136 315 188 364 ibus
195 314 398 379 egotostimonium
409 315 550 374 denuntiavi,
561 328 661 379 quorum
668 315 764 365 nomina

87 396 89 402 ⁸
125 381 157 427 'di
168 380 273 438 Metello,
291 380 432 444 cupidissimi
443 381 557 440 veniendi,
577 381 686 428 morinis
700 381 763 442 inju-

95 445 135 493 riis
146 445 229 504 affecti,
240 445 315 492 adhuc
326 461 371 492 uon
383 454 501 492 venerunt.
518 445 572 492 Hoc
580 447 632 506 jure
640 445 763 505 suntsocii,

95 506 123 556 u't
133 509 162 555 iis
172 523 202 556 ne
212 509 330 572 deplorare
336 509 430 572 quidem
436 509 465 556 de
473 510 519 556 suis
530 509 681 556 incommodis
688 509 763 557 liceat.

127 573 185 620 Jam
202 573 306 620 Heraclii
315 573 468 636 Centuripini,
484 573 566 648 optimi
582 573 765 637 nobilissimique

94 637 413 695 adolescentiatestimonium
420 639 529 686 audietur
541 653 609 701 aquo
618 638 661 685 HS
670 645 764 687 centurn

86 702 170 748 millia
180 717 221 765 per
231 701 371 749 calumniam
377 702 535 777 malitiamque
545 703 617 765 petita
627 711 688 749 sunt.
706 703 763 762 Iste,

93 766 167 830 poenis
177 765 390 828 compromissisque
399 767 545 830 interponis,
560 767 603 814 Hs
614 766 676 815 CCC
688 775 765 814 extor-

88 830 187 893 quenda
197 829 298 878 curavit:
316 830 424 893 quodque
439 831 553 891 judicium
570 831 696 879 secundum
712 830 764 879 He-

87 895 190 941 raclium
199 894 228 941 de
238 895 405 1004 compromissio
411 895 497 942 factum
506 902 561 954 erut,
570 895 633 958 quod
639 895 694 942 citis
702 895 764 955 Cen-

91 958 209 1022 turipinus
218 958 277 1006 inter
303 974 345 1006 uos
355 959 414 1006 cives
422 958 552 1019 judiclsset,
564 959 588 1006 id
598 959 689 1007 irritum
695 959 764 1020 jussit

88 1037 149 1081 esse,
161 1037 262 1086 eumque
270 1022 371 1084 Judicem
381 1021 465 1070 fulsum
474 1023 587 1084 judicdsse
595 1023 720 1085 judicavit:
738 1024 764 1071 in

88 1095 174 1134 uenatu
185 1095 291 1146 deesset,
306 1087 361 1134 locis
377 1087 548 1150 commodisque
560 1088 658 1150 publicis
674 1087 710 1134 uti
723 1103 763 1136 ve·

93 1151 146 1198 tuit
164 1151 189 1198 Si
198 1150 249 1214 quis
260 1166 314 1198 eum
324 1151 444 1215 pulsisset,
455 1152 535 1210 edixit,
548 1168 594 1199 sese
603 1152 716 1212 judicium
727 1152 764 1198 in.

91 1215 207 1276 juriarum
219 1230 265 1262 non
281 1215 406 1262 daturum:
424 1215 538 1279 quidquid
555 1218 584 1263 ab
601 1231 628 1262 eo
640 1223 763 1278 peteretur,

92 1279 196 1340 judicem
207 1278 236 1327 de
246 1279 287 1326 sui
299 1279 390 1327 cohorte
398 1279 521 1335 daturum3
538 1280 583 1342 ipsi
592 1287 669 1326 autem
677 1279 765 1341 nullius

95 1343 208 1391 actionem
215 1344 247 1390 rei
254 1359 301 1390 sese
307 1343 423 1390 daturum.
440 1344 501 1402 Quae
511 1343 576 1391 istius
584 1343 706 1390 auctoritas
712 1351 764 1390 ton-

93 1415 147 1461 tum
158 1407 238 1467 valuit,
252 1415 279 1455 ut
290 1422 365 1471 neque
375 1407 442 1454 illum
455 1409 556 1471 pulsaret
566 1407 698 1471 quisquam,
710 1422 763 1454 cum

92 1480 179 1535 praetor
188 1472 213 1518 in
224 1471 340 1535 provincii
355 1471 397 1519 sud
407 1473 475 1519 verbo
486 1473 634 1536 permitteret,
652 1487 677 1518 re
687 1471 764 1519 horta·

94 1544 175 1592 retur;
192 1550 268 1598 neque
286 1536 409 1610 quisquam
429 1537 457 1584 ab
477 1551 504 1584 eo
521 1537 649 1600 quidquem
684 1544 763 1598 eteret,

91 1614 147 1648 'curm
159 1600 201 1648 iste
212 1600 332 1648 calumnia
339 1599 454 1648 hcentiam
465 1601 507 1648 sui
517 1601 650 1648 auctoritate
674 1600 763 1648 edisset.
829 1612 830 1619 ¹

91 1664 228 1727 Ignominia
238 1674 315 1712 autem
326 1664 366 1711 illa
378 1664 453 1727 granu
465 1665 553 1721 tamdiu
570 1666 595 1712 in
612 1665 653 1711 illo
669 1664 764 1712 homine

90 1727 148 1787 fuit,
161 1728 272 1791 quamdiu
283 1729 325 1776 iste
335 1729 360 1775 in
375 1729 493 1791 provincie
507 1729 598 1776 mansit.
617 1728 670 1775 Hoc
680 1729 765 1790 injecto

90 1801 158 1840 metu
167 1793 292 1853 judicibus,
304 1806 363 1840 novo
373 1808 445 1851 more,
457 1794 522 1840 nullo
537 1793 651 1856 exemplo,
667 1806 764 1855 ecquam

93 1872 144 1904 rem
155 1857 240 1920 putatis
251 1873 298 1904 esse
306 1857 330 1903 in
339 1856 424 1914 Sicilia,
433 1857 478 1903 nisi
486 1856 515 1903 ud
525 1865 609 1903 nutum
618 1856 691 1915 istius,
701 1856 765 1916 judi-

93 1920 187 1968 catam?
204 1921 290 1967 Utrum
300 1920 326 1967 id
336 1921 411 1968 solum
427 1920 517 1968 videtur
535 1935 582 1968 esse
599 1929 684 1976 actum,
701 1919 765 1983 quod

92 1992 130 2032 est
144 1993 222 2031 tamen
239 1994 325 2045 actum,
342 1993 368 2031 ut
384 1984 494 2032 Heraclio
504 1984 602 2048 pecnnia
620 1983 764 2046 eriperetur?

91 2049 202 2096 unetiam
213 2048 280 2107 illud,
295 2049 319 2095 in
335 2064 381 2112 quo
396 2049 474 2111 prada
484 2057 531 2095 erat
548 2048 660 2102 maxima,
676 2055 711 2105 ut,
723 2061 765 2095 no-

91 2112 157 2159 mine
166 2112 314 2173 judiciorum,
325 2113 429 2159 omniurn
438 2114 499 2160 boua
509 2121 578 2175 atquc
588 2112 686 2171 fortuna
699 2111 723 2157 in
734 2111 765 2158 is·
850 2142 852 2148 ι

92 2177 140 2223 tius
151 2177 219 2224 unlus
231 2185 304 2230 essent
314 2179 443 2240 potestate?

91 2243 94 2250 ’
126 2239 253 2288 XXVIII.
269 2239 327 2287 Jurn
338 2256 391 2288 vero
401 2241 425 2287 in
435 2254 513 2287 rerum
528 2239 765 2315 capitalium'quoesti«

5 2333 11 2348 1
92 2304 177 2352 onibus
199 2304 256 2368 quid
272 2319 315 2366 ego
333 2319 523 2368 unamquamque
544 2319 593 2352 rem
616 2305 766 2367 colligomqet

89 2371 207 2416 'causami
224 2368 263 2415 Ex
274 2369 354 2416 multis
365 2369 477 2416 similibus
488 2385 515 2415 ea
526 2383 625 2427 sumam,
638 2384 690 2430 quae
697 2382 765 2415 max-

87 2432 296 2544 idrpeiffiprollqiqqite
310 2433 420 2543 excellelqe
434 2433 580 2543 vidgbuntur.
598 2433 692 2496 Sopater
711 2432 765 2507 qui-

87 2505 271 2624 locrdlplesltatque
281 2511 398 2608 llderllesslsds.
405 2511 478 2608 opstoab
485 2511 766 2624 qpiqlpcqpsucpspappqmps

86 2625 238 2677 Sacerdotem
248 2633 377 2689 pretorem,
389 2625 422 2672 rei
428 2624 531 2688 capitalis
539 2639 591 2672 cum
603 2634 722 2672 accusatus
730 2639 766 2670 es-

87 2691 132 2749 set,
150 2688 219 2738 facile
228 2704 257 2738 eo
270 2688 358 2750 judicio
374 2697 409 2738 est
424 2689 541 2738 liberatus.
559 2688 624 2738 Huic
635 2687 711 2739 eidem
720 2688 766 2735 Sos
788 2757 790 2762 Ι
