1820 2954
262 133 300 188 tn
317 132 465 182 vanarn
481 131 514 180 v.
533 129 647 180 omna.
695 107 696 110 ’
747 134 796 190 4³7

126 272 165 314 tur
175 261 264 328 injuria
274 261 404 318 sociorumz
422 259 498 334 agitur
509 258 543 306 vis
557 259 651 322 legum
668 259 745 322 agitur
755 277 796 319 ex,

125 326 235 380 istimatio
252 327 379 388 veritasque
394 324 552 387 judiciomm
576 339 629 386 quae
647 333 702 372 sunt
718 323 796 372 omnia

125 407 267 456 pemagna:
286 405 368 444 verum
379 388 439 436 illud
449 387 595 435 maximum:
614 385 678 436 tanti
688 387 796 451 religione

124 456 232 512 obstdcta
246 463 294 504 tota
309 452 426 516 prouincia
442 461 490 509 est;
508 459 571 500 tanta
585 451 714 514 superstitio
725 468 753 498 ex
764 449 795 500 is-

125 519 172 568 tius
182 520 243 570 facto
254 526 342 566 mentes
355 516 460 564 omnium
473 516 604 564 Siculorum
620 515 747 580 occupavit,
758 525 794 576 ut,

142 599 279 646 uaecumque
289 579 392 628 aonidant
405 579 497 643 publice
507 581 543 628 vel
550 579 658 654 privatim
668 580 795 628 incommo-

175 655 269 710 propter
285 661 337 693 eam
351 660 444 693 cauum
457 644 539 692 scelere
552 645 618 692 istius
632 645 721 694 evenire
733 644 796 694 vide,

125 724 203 760 antur.

144 774 266 822 ‘Audistis
285 772 456 838 Centuripinos,
467 771 632 836 Agyrinenses,
650 773 793 836 catinenses,

128 839 286 897 Herbitenses,
297 837 426 896 Enneaws,
437 837 566 900 complures
576 837 641 898 allos,
652 839 744 902 publice
758 838 794 896 di,

125 918 184 961 cere,
196 919 249 966 quae
263 902 362 951 solitudo
377 909 436 950 esset
450 902 475 948 in
486 901 554 964 agris,
566 917 619 965 quae
629 903 729 963 vastius,
740 919 794 967 que

125 967 183 1030 nge
197 976 322 1026 aratorum,
339 981 411 1031 quam
425 965 522 1024 deserta,
533 981 605 1029 quam
615 966 710 1024 inculta,
721 983 793 1042 quam

125 1031 203 1080 relicta
213 1031 298 1081 omnia.
314 1031 352 1079 Ea
367 1029 458 1078 tametsi
472 1028 538 1078 istius
551 1029 631 1076 multia
645 1039 668 1078 et
678 1031 745 1078 variis
757 1031 794 1078 in-

98 1113 100 1118 ’
123 1095 192 1158 juriis
202 1095 349 1151 occiduum
366 1103 444 1142 tamen
454 1094 504 1142 haec
516 1108 563 1140 una
573 1108 641 1141 eausa
651 1095 676 1142 in
687 1094 794 1157 opinione

53 1161 56 1167 '
125 1159 257 1208 Siculorum
277 1159 406 1223 plurimum
423 1159 492 1218 valet,
510 1157 581 1220 quod,
601 1157 683 1206 Cerere
699 1157 792 1218 violati,

124 1239 205 1271 omnes
215 1224 291 1271 cultus
297 1221 431 1286 fructusque
439 1219 527 1271 Cereris
537 1221 561 1268 in
572 1220 609 1268 his
619 1221 674 1269 locis
682 1221 793 1270 interiisse
802 1239 804 1247 ²

124 1287 271 1336 arbitrantur.
290 1287 420 1334 Msdemini
434 1285 538 1348 religioni
554 1284 675 1344 sociorum,
688 1285 792 1347 judices:

97 1361 100 1367 '
123 1361 253 1409 conservate
263 1360 376 1410 vestram:
394 1366 469 1413 neque
484 1349 546 1397 enim
561 1349 611 1397 haee
626 1359 719 1398 externa
730 1351 793 1399 vobis

123 1417 211 1480 religio,
223 1431 298 1480 neque
308 1415 389 1473 aliena,
406 1415 476 1474 Quod
487 1414 580 1474 siesset,
591 1413 611 1460 si
621 1415 733 1478 suscipere
741 1431 793 1462 eam

123 1481 223 1542 nolletis,
235 1490 321 1538 tamen,
332 1480 356 1527 in
368 1495 394 1538 eo
408 1479 449 1544 qui
460 1479 573 1537 violtsset,
585 1479 672 1527 saneim
683 1494 723 1526 vos
734 1481 793 1528 velle

122 1554 241 1608 oporteret.
261 1546 332 1594 Nune
340 1560 401 1605 vero,
408 1544 433 1591 in
444 1543 562 1605 pommuni
572 1543 677 1598 omnium
686 1544 791 1606 gentium

123 1610 241 1672 religione,
252 1610 323 1673 inque
332 1609 369 1658 hia
379 1609 447 1672 saeris
457 1625 510 1672 quae
520 1608 617 1668 majores
628 1607 699 1656 nostri
709 1610 738 1657 ab
750 1625 791 1657 ex-

124 1673 177 1720 teris
198 1674 327 1720 nationibus
348 1673 433 1722 adscita
451 1682 520 1734 atque
537 1672 641 1728 uoesssta
663 1672 791 1731 coluerunt,

122 1734 792 1861 illini'i'llffiviioillplfflissu‘ffl

547 1830 554 1856 l

125 1862 317 1976 qupppssuffi}
335 1925 405 1985 etism
419 1924 493 1984 urbis,
508 1924 613 1974 omnium
632 1891 792 1987 pulcherrirna

123 1999 194 2055 atqroe
204 1990 362 2050 ornatissima,
377 1991 551 2052 Syracusarum,
567 1988 717 2052 direptionem
728 2005 792 2042 com.

124 2057 266 2113 memorabo,
278 2063 300 2102 et
310 2055 335 2101 in
346 2053 449 2102 medium
460 2053 583 2127 proferam,
592 2052 694 2113 judices3
712 2062 740 2100 ut
749 2051 793 2104 ali-

141 2119 217 2167 uando
226 2127 299 2167 totam
309 2118 380 2179 hujus
390 2132 478 2181 genens
488 2116 613 2164 orationem
620 2117 754 2165 concludam
766 2135 793 2167 ao

123 2137 239 2234 iefinism.
255 2184 332 2231 Nemo
342 2182 389 2230 fere
400 2183 499 2230 vestrim
511 2189 552 2239 est,
564 2181 630 2244 quin,
642 2181 792 2244 quemadmo-

122 2248 181 2296 dum
192 2257 263 2311 oaptae
271 2247 317 2295 sint
327 2263 342 2295 a
352 2247 389 2294 M.
397 2245 509 2293 Marcello
520 2247 645 2308 Syracuse,
657 2261 716 2320 saepe
726 2245 792 2302 audin

124 2312 175 2371 erit,
187 2326 354 2376 nonnunquam
367 2310 435 2357 etiam
451 2309 476 2356 in
489 2309 610 2356 annalibus
622 2309 709 2371 legent.
729 2310 792 2358 Con·

123 2376 181 2424 ferte
191 2376 250 2424 hanc
261 2391 341 2440 pacem
352 2389 406 2422 cum
420 2373 461 2421 illo
474 2374 544 2432 bello,
555 2373 626 2432 hujus
637 2373 738 2435 praetoris
751 2375 792 2422 ad·

92 2457 93 2462 ¹
122 2448 219 2489 uentum
230 2455 282 2504 cunr
294 2439 356 2487 illius
365 2437 507 2512 imperatoris
518 2437 620 2495 vicerit,
631 2437 701 2498 hujus
712 2439 792 2496 eohor-

123 2511 171 2552 tem
181 2503 298 2569 impuram
308 2518 361 2553 cum
373 2502 435 2550 illius
446 2501 545 2550 exercitu
555 2499 648 2559 invicto,
660 2501 729 2562 hujus
738 2503 792 2568 libi·¹
829 2561 831 2566 ,

123 2568 188 2624 dines
198 2584 252 2620 cum
263 2569 326 2622 illius
336 2565 491 2618 eontinentilr:
508 2567 538 2616 ob
549 2565 598 2678 il210‚
610 2565 651 2677 qpi
662 2565 729 2631 oepit,
737 2582 793 2616 oon-

288 2643 292 2646 “
496 2645 499 2650 ’
584 2642 600 2678 1³
615 2632 622 2676 ἶ
705 2631 710 2664 t
