1824 2968
112 84 145 135 64
177 82 246 132 PRO
262 83 388 136 Rosam
403 83 578 135 AMERINO.
596 83 660 133 Gur.
670 83 711 132 31.

111 211 158 271 dio,
169 212 232 260 testis
241 214 364 276 prodierit:
381 222 433 262 tum
447 214 503 262 aliae
517 228 609 277 quoqne
623 228 675 260 suas
687 211 781 275 palmas

111 285 236 338 cognoscet,
248 277 277 325 de
287 279 371 340 quibus
381 293 459 326 mene
472 279 562 326 audisse
572 277 666 340 quidem
676 275 781 338 suspica-

112 347 157 387 tur.
182 341 211 388 L.
224 341 315 389 Cassius
325 342 372 399 ille,
386 358 456 404 quem
467 359 496 404 po
513 343 565 389 ulus
577 341 697 388 Rcmsnus
708 337 781 386 veris-
816 381 818 392 ,

111 404 197 452 simum
216 414 243 452 et
257 405 449 468 sapientissimum
467 407 494 466 ju
512 407 569 454 'cem
588 407 692 468 putabat,
711 403 781 450 iden-

112 468 184 516 tidem
194 470 219 515 in
229 469 302 516 causis
312 485 413 532 quaerere
423 471 516 528 solebat,
529 469 593 517 “cui
603 471 663 516 bono
673 466 781 514 fuissew‘

113 533 151 580 Sic
162 533 208 580 vita
218 532 339 580 hominum
350 541 391 591 est,
403 542 430 581 ut
440 534 470 580 ad
480 533 618 581 maleficium
633 547 701 579 nemo
712 547 782 578 cone-

113 605 152 642 tur
162 598 210 643 eine
221 611 261 658 spe
268 605 337 659 atque
344 598 499 646 emolumento
507 597 618 646 accedere.
636 595 707 642 Hunc
715 611 782 657 qua-

114 660 206 707 eitcrem
225 675 251 707 ac
270 660 371 719 judicem
389 661 508 724 fugiebant
526 670 595 724 atque
611 660 735 708 horrebant
753 659 781 719 ii,

114 722 199 786 quibus
209 724 336 786 periculum
349 728 480 772 creabatur:
498 725 549 772 ideo
559 723 630 788 quod,
642 723 732 770 tametsi
742 739 784 772 ve-

114 786 186 834 ritatis
197 796 244 834 erat
255 789 349 846 amicus,
361 800 437 836 temen
448 789 530 836 naturir
540 805 586 836 non
597 797 646 836 tam
656 802 784 850 propensus

115 851 145 898 ad
161 850 346 912 misericordiam,
363 869 434 914 quam
451 853 580 915 implicatus
594 852 624 900 ad
640 851 785 900 severitatem

114 913 240 962 videbatur.
262 915 323 977 Ego,
340 931 481 979 quamquam
497 926 578 979 praeest
593 915 647 964 huic
662 915 784 977 quaestioni

114 978 157 1036 vir,
169 986 191 1024 et
202 986 280 1026 contra
292 979 410 1029 audaciam
424 981 568 1039 fortissimus,
580 989 603 1028 et
612 983 641 1028 ab
652 978 784 1026 innocentii

115 1041 311 1103 clementissimus,
331 1052 409 1093 tamen
425 1045 492 1092 facile
511 1059 549 1092 me
570 1053 667 1108 paterer,
686 1042 723 1090 vel
741 1041 784 1090 illo

115 1106 165 1170 ipm
180 1107 288 1155 acerrima
304 1107 380 1169 judice
395 1117 518 1172 quaerente,
535 1109 572 1156 vel
586 1107 648 1172 apud
662 1107 783 1158 Cassianos

114 1170 211 1232 judices,
231 1186 330 1236 quorum
348 1173 418 1220 etiam
436 1188 498 1222 nunc
516 1173 541 1230 ii,
560 1173 644 1235 quibus
660 1187 729 1225 causa
747 1171 784 1218 di-

116 1236 236 1346 Ξείηᾱιωι,
245 1236 414 1302 nomenipeum
422 1237 578 1298 refomridrnt,
587 1235 784 1301 pmSemRbscio

142 1315 198 1347 cere.

149 1363 246 1411 XXXI.
267 1365 296 1411 In
311 1365 354 1412 hac
369 1365 431 1414 enim
448 1366 584 1415 causitum
603 1364 713 1422 viderent,
730 1363 783 1412 illos

116 1427 282 1488 amplissimam
297 1430 418 1490 pecuniam
434 1431 555 1492 possidere,
572 1431 635 1482 hunc
650 1429 675 1476 in
691 1429 783 1481 summi

117 1489 263 1538 mendicitate
273 1507 335 1548 esse;
352 1493 411 1541 illud
426 1495 519 1557 quidem
534 1510 580 1546 non
595 1500 730 1558 quererent,
746 1489 801 1552 cui·

117 1555 178 1602 bono
195 1553 282 1613 fuisset,
301 1556 340 1603 sed
356 1573 383 1604 eo
399 1559 546 1621 perspicuum
564 1559 650 1607 crimen
668 1565 690 1604 et
709 1556 785 1619 suspi-

118 1618 207 1666 cionem
226 1617 301 1679 potius
318 1619 348 1666 ad
367 1621 468 1684 praedam
486 1623 644 1686 adjungerent,
663 1635 734 1684 quam
755 1619 786 1668 ad

118 1690 249 1744 egestatem.
272 1683 337 1742 Quid
352 1685 371 1732 si
385 1685 470 1733 accedit
484 1688 573 1746 eodem,
589 1696 617 1734 ut
630 1685 704 1732 tenuis
718 1692 787 1732 antea

119 1745 206 1793 fueris?
221 1746 315 1809 quidsi,
327 1757 354 1796 ut
364 1749 462 1798 avarus?
477 1749 534 1814 quid
545 1751 572 1810 ei,
583 1759 610 1797 ut
620 1747 713 1796 audax?
729 1747 787 1810 quid

120 1810 148 1868 si,
167 1819 195 1857 ut
211 1810 282 1870 illiue,
300 1814 341 1875 qui
358 1814 443 1862 occisus
459 1824 501 1873 est,
517 1813 706 1862 inimicissimus?
729 1827 788 1858 uum

120 1874 243 1936 quaerenda
255 1890 331 1936 causa,
343 1893 395 1940 quae
409 1887 432 1926 te
446 1879 476 1925 ad
490 1887 581 1926 tantum
595 1877 683 1924 facinus
697 1875 788 1922 addux-

120 1938 181 1986 erit?
207 1938 272 1997 Quid
288 1955 342 2003 ergo
360 1941 444 1989 horum
461 1942 539 2004 negari
555 1943 649 2005 potest?
674 1939 788 1988 Tenuitas

119 2002 218 2050 hominis
233 2004 346 2064 ejusmodi
360 2014 401 2065 est,
413 2014 440 2052 ut
454 2005 592 2053 dissimulari
606 2019 652 2051 non
664 2012 741 2066 queat,
753 2011 789 2050 at·

120 2081 166 2130 que
176 2081 203 2115 eo
213 2068 286 2130 magis
297 2069 392 2127 eluceat,
403 2084 449 2131 quo
460 2071 534 2132 magis
544 2069 677 2117 occultatur.
701 2067 788 2114 Avari-

120 2131 177 2178 tiam
196 2133 296 2204 nrrefers,
315 2134 356 2195 qui
374 2133 502 2180 societatem
522 2133 599 2180 coieris
618 2132 646 2179 de
664 2131 788 2204 municipis

95 2257 97 2262 ’
120 2195 696 2322 wittimirum&
704 2209 789 2324 iiii?

121 2329 184 2379 runt,
195 2321 265 2382 quod,
278 2336 307 2368 ex
317 2323 365 2370 toti
376 2324 488 2384 societate,
499 2325 542 2372 hcc
556 2334 597 2384 est,
609 2339 638 2372 ex
649 2332 683 2370 tot
693 2322 787 2382 sicariis,

121 2383 183 2433 solus
194 2393 219 2434 tu
230 2385 335 2432 inventus
346 2401 378 2446 es,
390 2389 431 2450 qui
444 2403 496 2436 cum
510 2387 676 2438 accusatoribus
691 2385 787 2445 sederes,

121 2449 740 2572 ttt⁰⁵1ibbtddt⁶m⁰tssiimfflffi
753 2450 789 2562 ⁰3

282 2561 287 2568 -
636 2546 642 2560 ¹
741 2547 749 2572 r

123 2587 220 2637 magnes
229 2575 262 2624 rei
268 2575 388 2626 saniliaris
397 2579 566 2640 controversias,
573 2576 690 2638 concedas,
701 2590 790 2627 necesse
