1820 2958
246 107 286 160 IN
302 106 452 158 VERREM
468 107 520 156 111.
537 108 600 156 Gne.
613 109 655 158 ut.
736 111 793 158 ²45.

10 249 17 258 ‘
114 249 221 299 mm
232 234 298 298 Jillud
311 250 395 300 negare
404 251 497 311 Μ.
505 244 546 284 aut
561 249 623 285 nune
635 237 739 312 negabis,
751 247 792 312 tet·

117 299 212 346 oonsilio
224 307 265 348 tuo
283 300 386 358 diruisse,
398 301 452 348 vnis
461 301 577 366 pnmariis
591 307 644 365 tqut
657 301 682 348 in
697 301 790 350 oonsilio

118 363 146 412 G.
155 361 283 424 Sacerdotis
293 364 393 422 fuerant,
405 365 493 429 tibique
505 381 552 412 esse
563 367 676 424 solebant)
688 366 790 425 remotis,

116 427 147 475 de
156 442 181 474 re
189 427 293 487 judicati
299 427 429 489 judieissel
446 439 514 493 teque
521 445 584 490 eum,
592 446 662 493 quem
671 429 699 477 G.
711 430 792 478 Seter-

117 491 168 550 dos,
186 491 290 540 adhibito
307 493 409 546 oonsilio,
432 495 501 542 causi
523 494 622 558 cogniti,
642 493 791 552 absolvissem

118 555 237 614 eumdem,
252 565 340 604 remoto
356 556 457 618 oonsilio,
469 559 537 606 causi
547 558 672 621 incogniti,
684 556 796 606 sondem-

118 618 203 668 nisse?
219 619 282 667 Cum
292 621 342 668 htee
352 621 466 670 confessus
477 623 528 680 eris,
546 638 599 686 quse
615 624 639 669 in
654 623 704 672 loro
714 623 793 686 palam

117 683 246 749 Syracusis,
257 684 282 732 in
293 700 332 732 ore
340 694 409 750 atque
417 686 441 733 in
448 687 646 750 oeulisprovineiae
651 698 715 750 gesta
722 695 790 744 eunte

118 757 203 812 negato
214 749 307 806 sanast
322 749 392 808 voles,
405 751 527 813 pecuniam
543 752 668 815 accepisse:
684 752 797 814 rqierieer

119 813 196 871 credo,
205 812 316 876 aliquem,
325 815 375 876 qui,
383 830 436 862 cum
443 815 500 876 haec‚
509 832 562 878 qun
568 817 649 890 pulsan
657 825 722 879 gesta
730 824 793 874 sunt,

120 877 206 935 videat,
218 886 306 940 quaerat
317 877 373 940 quid
383 886 409 926 tu
420 879 507 928 occulte
515 895 602 944 egen&
620 890 659 927 aut
674 879 715 943 qui
726 879 795 928 dubi-

119 949 174 1054 terte’d
175 950 254 988 utrum
264 942 333 988 malit
340 943 397 991 meis
407 944 511 1005 testibus,
527 959 557 991 en
572 946 618 992 tuis
629 943 794 1005 defensoribus,

120 1021 134 1058 c
175 1022 219 1054 ere·
296 1028 301 1033 ·
371 1045 374 1054 ,
541 1028 553 1036 ·’

127 1119 132 1126 ,
155 1070 270 1132 Dixijsm
277 1079 354 1130 antea,
363 1072 461 1133 judices,
469 1087 508 1120 me
518 1087 565 1120 non
574 1073 653 1120 omnia
660 1072 734 1132 istius,
741 1089 795 1137 quae

120 1134 147 1192 iu
158 1135 203 1186 ltoe
210 1149 296 1210 genere
306 1145 387 1192 essent,
400 1146 603 1193 enumeraturum
621 1137 662 1192 sedx
668 1139 795 1186 electurum

119 1201 545 1328 quqppsrppcppictqquqqqfiud
556 1266 607 1326 ejus
613 1264 702 1326 facinus
710 1263 795 1326 nobile,

124 1338 148 1378 et
158 1328 239 1376 multis
247 1327 302 1376 locis
310 1345 370 1391 saepe
380 1338 594 1387 commemoratum,
606 1339 629 1378 et
639 1329 760 1392 ejusmodi,
770 1338 799 1376 ut

122 1392 207 1456 inuno
222 1393 300 1440 omnia
315 1393 428 1442 maleficia
445 1393 517 1441 inesse
532 1393 658 1442 videantur.
675 1393 799 1442 Attendite

123 1457 260 1520 diligentem
278 1457 397 1505 invenietis
408 1458 479 1518 enim,
490 1458 514 1505 id
525 1458 613 1506 facinus
622 1469 702 1507 natum
711 1458 799 1522 acupi-

123 1521 204 1588 tlitate‚
222 1530 316 1569 anetum
330 1534 373 1585 per
388 1532 503 1587 stuprum,
521 1523 653 1572 crudelitate
669 1523 799 1587 perfectum

124 1594 194 1650 atque
202 1587 344 1655 conclusum.
362 1587 471 1635 Sthenius
482 1596 516 1636 est
527 1587 564 1648 (is,
576 1588 618 1652 qui
628 1589 694 1636 nobis
705 1588 798 1647 assidet)

124 1649 301 1708 Tbermitmus,
313 1662 380 1699 antea
390 1652 479 1712 multis,
497 1667 580 1716 proper
593 1668 710 1700 summam
726 1653 799 1700 virtu·

123 1723 172 1764 tem
190 1730 353 1779 summamque
370 1715 522 1774 nobilitatem,
537 1731 608 1774 nune,
623 1726 715 1791 propter
733 1731 800 1764 suem

124 1779 288 1837 calamitatem,
296 1789 365 1844 atque
371 1780 437 1828 istius
445 1779 558 1844 insignem
565 1780 685 1841 injurtam,
693 1781 801 1828 omnibus

123 1853 201 1893 nonu.
219 1843 299 1905 Hujus
306 1843 404 1908 hospitio
416 1844 499 1892 Verres
510 1859 563 1891 oum
572 1853 629 1892 esset
640 1860 703 1903 usus,
713 1853 737 1892 et
746 1859 801 1892 oum

124 1908 189 1972 apud
207 1923 261 1956 eum
278 1923 325 1956 non
340 1909 410 1958 modo
421 1907 530 1956 Thermis
545 1923 701 1972 saepenumero
711 1907 801 1968 suntet,

124 1973 167 2026 sed
177 1972 247 2021 etiam
254 1972 393 2029 habitisset3
411 1973 481 2022 domo
489 1974 538 2033 ejus
546 1973 625 2020 omnia
635 1973 738 2030 abstulit,
748 1987 801 2036 quie

125 2037 197 2101 paulo
208 2037 282 2100 megia
302 2037 407 2086 animum
418 2038 547 2100 cujuspiam
564 2046 605 2084 aut
615 2037 693 2084 oculos
708 2044 802 2100 possent

126 2117 278 2152 commovere.
295 2101 390 2150 Etenim
401 2102 510 2150 Sthenius
529 2103 558 2150 ab
570 2101 721 2149 adolescentiit
731 2100 802 2164 paulo

126 2165 251 2215 studiosius
271 2167 321 2215 hae
340 2168 494 2230 eomparabat,
517 2182 544 2215 su
592 2165 682 2214 ettilem
705 2181 735 2213 ex
757 2180 803 2214 aere

128 2229 301 2294 elegantiorem,
319 2241 342 2281 et
359 2229 479 2278 Deliacam
496 2239 519 2278 et
573 2230 692 2290 rintlriam,
710 2229 801 2278 tabulas

144 2296 210 2354 ictas,
230 2296 299 2342 etiam
316 2295 405 2358 argenti
421 2298 479 2344 bene
496 2295 559 2356 faofi,
576 2303 645 2359 prout
655 2294 802 2342 Thermitani

126 2312 231 2412 leminis
241 2358 361 2424 iaoultates
371 2359 482 2420 ferebant,
494 2359 562 2407 satis:
581 2376 641 2423 qua,
651 2375 704 2408 oum
711 2367 769 2408 esset
777 2358 802 2408 in

126 2422 189 2476 Asis
199 2423 336 2484 adolescens,
348 2423 456 2483 studiose,
471 2433 498 2472 ut
510 2424 572 2484 ulixi,
588 2427 802 2488 comparabatnon

128 2499 179 2538 tam
186 2505 234 2537 suae
245 2488 399 2538 delectationis
405 2489 482 2549 aeusi,
491 2505 563 2553 quam
571 2489 601 2537 ad
608 2488 753 2538 invitationes
761 2487 803 2535 ada

128 2563 259 2616 ventrisque
273 2562 403 2602 nostrorum
419 2553 549 2615 hominum,
565 2554 691 2603 enrioorum
708 2567 803 2601 suorum

126 2627 201 2684 atque
211 2618 336 2682 hospitum.
353 2618 414 2678 Quae
424 2627 573 2684 posteaquam
584 2618 631 2728 ist}
636 2618 715 2666 omnia
725 2618 803 2665 absm-

582 2695 602 2728 Y
