1820 2958
272 123 275 130 ·
297 111 339 164 IN
354 111 503 166 VERREM
521 115 558 166 11.
574 117 639 168 Gur.
650 116 692 167 iis
783 112 830 176 tes

157 248 192 291 ut
209 237 310 294 hominii
328 244 458 308 ingenium,
474 245 535 294 mire
552 245 681 310 prudentis.
709 246 832 299 Minucius

156 307 252 370 quidum
263 317 369 357 mortuus
380 319 414 358 est
424 317 477 357 ente
487 311 558 358 istum
569 320 697 374 praetorem.
714 313 774 374 Ejus
785 322 830 362 tesae

155 379 287 422 ramentum
303 382 351 421 erut
368 374 476 422 nullum:
493 375 544 438 lege
558 375 678 424 hereditas
692 376 722 423 ed
736 386 829 440 gentem

154 435 288 486 Minucium
298 438 410 486 veniebas
434 439 460 486 si
467 438 584 486 habuisset
594 439 637 487 iste
645 440 754 500 edietum,
766 441 829 505 quod

153 510 209 550 ente
218 501 290 550 istum
300 511 324 550 et
333 511 412 565 postes
422 517 501 550 omnes
510 504 649 563 habuerunt,
660 505 771 568 possessio
779 505 829 553 Mi·

153 567 229 614 uncie
243 566 307 630 genti
321 575 379 614 esset
389 566 450 613 dete
475 567 501 614 Si
511 567 563 630 quis
574 575 711 616 tenimento
721 584 745 617 se
755 569 828 618 hoere-

153 629 208 677 dem
223 645 271 680 esse
285 631 440 690 arbitraretur,
457 632 521 693 quod
533 640 585 681 tum
595 635 642 680 non
652 641 759 692 exstaret,
775 633 827 698 lege

152 702 231 757 egeret
247 695 273 742 in
289 695 460 743 hereditatem:
478 704 527 755 sut,
543 711 586 759 pro
600 697 676 760 prede
690 697 737 745 litis
750 698 826 746 vindis

152 759 241 806 nitrum
252 773 306 807 eum
316 759 371 808 setis
381 759 510 822 accepisset,
527 761 671 824 sponsionem
681 762 779 811 incerere
791 763 825 811 ite

151 822 183 871 de
192 823 324 872 hereditate
334 832 436 871 certaret
459 825 520 883 Hoc,
532 825 621 888 opinor,
630 827 683 887 jure
694 831 717 874 et
726 829 825 889 majores

151 889 233 948 meni,
250 896 274 935 et
283 903 325 937 nos
336 903 426 952 semper
435 888 472 936 usi
482 903 569 937 sumus.
586 889 678 951 Videte,
690 900 717 939 ut
727 892 771 940 hoc
781 892 824 941 iste

151 952 283 1000 eorrexerit.
546 981 549 986 ,
825 991 828 999 .

185 1015 310 1080 Componit
320 1014 421 1065 edietum
435 1016 464 1064 iis
474 1017 557 1077 verbis,
574 1025 601 1066 ut
611 1018 687 1082 quiris
696 1019 825 1084 intelligere

149 1080 231 1145 possit,
247 1081 317 1128 unius
327 1081 428 1130 hominis
442 1081 511 1129 causi
521 1083 675 1146 conseriptum
686 1099 740 1132 esse
758 1086 823 1132 Tau-

149 1154 203 1194 mm
218 1143 280 1209 quod
294 1145 413 1193 hommem
427 1161 474 1194 non
488 1146 601 1206 nominet,
618 1161 711 1195 oeusem
728 1149 824 1223 quidem

149 1217 224 1258 tutem
242 1209 375 1273 perscribit:
397 1212 444 1272 jus,
465 1210 661 1270 consuetudinem,
682 1220 822 1274 equitatem,

149 1271 225 1322 edicte
235 1274 349 1334 omnium,
361 1274 464 1336 negligit.
484 1277 502 1303 “
510 1274 550 1321 Ex
561 1273 634 1322 edieto
645 1276 740 1323 urbano.
757 1276 783 1325 Si
793 1276 825 1325 de

148 1336 282 1386 hereditate
298 1338 431 1400 ambigitur,
449 1337 469 1386 si
485 1351 598 1401 possessor
613 1339 758 1402 sponsionem
775 1355 823 1388 non

147 1401 241 1450 isoiet’'.
259 1433 267 1448 .
283 1435 290 1450 .
308 1435 315 1450 .
340 1401 406 1460 Quid
416 1401 441 1449 id
454 1401 484 1450 sd
498 1411 627 1466 pretorem,
644 1411 695 1451 uter
709 1419 823 1468 possessor

148 1466 198 1516 siti
210 1481 286 1515 nonne
295 1466 321 1514 id
331 1467 404 1530 queri
413 1475 511 1530 oportet,
523 1475 603 1515 utrum
613 1482 763 1531 possessorem
774 1485 823 1520 esse

148 1531 269 1595 oportent?
286 1531 359 1593 Ergo,
376 1531 431 1595 quis
441 1547 554 1594 possessor
565 1539 607 1590 est,
622 1548 669 1580 non
680 1549 757 1583 moves
799 1551 822 1583 ss

148 1595 262 1644 seriores
279 1595 300 1644 si
316 1600 429 1659 possessor
447 1607 494 1644 non
511 1603 577 1656 esset,
594 1611 641 1644 nou
658 1597 730 1646 darm.
782 1615 821 1647 us-

147 1673 222 1724 quam
232 1659 295 1707 enim
305 1659 392 1719 scribis,
410 1669 485 1723 neque
495 1667 522 1707 tu
533 1659 597 1708 eliud
608 1661 736 1726 quidquem
747 1663 824 1712 edicto

147 1723 300 1788 amplecteris,
323 1723 368 1770 uisi
385 1737 436 1770 eem
453 1739 555 1785 oensem,
571 1739 614 1788 pro
632 1727 680 1790 qui
698 1727 820 1790 pecuniam

147 1801 273 1852 receperas.
290 1787 347 1836 Jom
361 1787 405 1834 hoc
419 1787 543 1836 ridiculum
554 1798 603 1836 ests
621 1793 639 1819 “
648 1791 674 1838 Si
684 1790 714 1836 de
723 1791 822 1838 heredi·

146 1861 195 1901 tete
209 1852 347 1915 ambigetur,
364 1860 387 1899 et
398 1851 483 1900 tebuiae
493 1853 623 1901 testamenti
638 1854 763 1916 obsignate
772 1869 820 1901 non

146 1915 226 1965 minus
242 1916 323 1964 multis
340 1915 419 1978 signis,
436 1931 508 1980 quam
522 1931 536 1964 e
552 1917 604 1980 lege
620 1925 718 1980 oportet,
736 1917 766 1964 ad
783 1933 826 1966 me

146 1981 306 2046 proferentur:
327 1980 453 2028 secundum
472 1982 562 2030 tabulas
580 1981 711 2029 testamenti
729 1982 822 2044 potissi-

146 2059 215 2094 mum
230 2043 387 2092 hrereditrtem
403 2044 488 2092 debo.”
516 2045 570 2094 Hoc
586 2045 750 2098 translatitium
770 2055 818 2094 ests
886 2049 888 2056 ’

146 2110 213 2177 sequi
222 2109 283 2162 illud
336 2117 389 2168 rtet,
407 2111 425 2137 ‘⁴
436 2109 463 2157 Si
472 2110 558 2158 tabule
567 2110 698 2157 testamenti
708 2123 755 2156 nou
782 2125 821 2157 ro-

147 2173 275 2224 femen?
340 2172 345 2184 '
380 2173 432 2222 eit?
448 2189 472 2221 se
489 2173 643 2232 eideturum,
660 2173 701 2236 qui
719 2189 743 2222 se
776 2174 782 2186 ‘
809 2181 821 2222 t

146 2239 262 2289 heredem
272 2251 327 2286 esse.
344 2237 411 2297 Quid
421 2253 474 2300 ergo
484 2238 586 2297 interest,
597 2237 750 2300 proferentur,
766 2253 820 2287 nee·

146 2307 196 2354 ne?
212 2303 378 2367 sipromlerit3
395 2315 442 2349 uuo
453 2301 596 2365 signoutsit
608 2302 820 2366 minusquemex

146 2371 198 2433 lege
211 2375 308 2431 oportet,
324 2381 372 2415 non
386 2366 426 2413 dee
440 2366 619 2429 possessionem:
638 2366 767 2416 siomnino
783 2375 821 2415 to«

146 2435 214 2486 buiss
224 2447 270 2480 non
281 2430 388 2496 proferet,
406 2430 479 2478 dsbis.
505 2431 570 2489 Quid
585 2445 647 2478 nunc
664 2431 760 2481 dicem?
777 2447 819 2480 ne·

146 2499 350 2572 nunnunquam
381 2559 387 2570 1
449 2493 819 2572 diumnedixissei'veldesitmi-

146 2579 209 2623 rum,
227 2573 344 2609 nemmem
425 2575 485 2622 ‚qur
495 2560 704 2608 renuereumrlem
714 2559 820 2609 droivel·

145 2630 186 2680 ler.
203 2625 327 2690 lpeeins’
342 2623 365 2636 ”
395 2623 699 2736 εἰθᾱίοωὴοοῃζηδὴὺεις
711 2629 818 2686 exegerat
