1820 2958
244 143 285 196 IN
301 141 449 198 VERREM
466 146 518 198 111.
534 146 598 196 (lar.
609 149 633 196 5.
722 147 770 198 tls

97 269 168 330 otiis,
179 270 199 320 ai
209 270 337 324 dmtsent
343 277 475 340 legationes,
484 291 537 340 qne
545 283 625 324 conns
631 274 702 323 istum
711 274 773 324 diosa

98 344 166 384 rents
184 336 276 411 minari,
289 340 359 403 siqui
370 354 444 390 essent
458 340 568 404 profecti:
586 339 646 399 aliis,
657 339 677 386 si
691 337 771 386 lauda-

98 408 162 458 rent,
174 402 336 464 benignissime
349 406 496 468 promittere:
514 404 659 467 gravissimos
673 402 772 465 privata-

101 478 158 537 rum
170 480 246 513 rerum
258 476 333 541 testes,
361 470 429 517 uibus
440 485 481 517 nos
491 468 641 533 presentibus
652 467 773 514 denuntia·

99 541 188 583 Ulmus,
197 544 235 578 eos
246 547 269 578 vr
280 547 320 582 crte
361 534 374 544 '¹
403 549 433 581 ue
443 534 546 582 retinere
667 565 670 574 .
834 531 839 542 '

127 591 168 666 'V-
185 593 247 652 Quae
257 611 311 644 curn
319 598 525 658 omuiafactasint,
535 606 611 644 tamen
619 611 691 644 unam
700 595 773 643 solam

99 665 184 706 sntote
194 673 242 706 esee
252 659 368 708 civitatem
381 662 557 720 Mamertinam,
572 677 625 724 quae
639 659 731 723 publice
741 660 775 708 le·

100 729 178 794 gatos,
190 723 232 784 qui
242 723 313 772 istum
323 725 452 785 laudarent,
464 725 557 774 miserit.
581 725 641 786 Ejus
651 733 729 772 autem
740 724 774 772 le·

99 785 202 861 gationis
208 787 345 852 principem,
354 790 449 838 civitatis
455 790 631 847 nobilissimum,
639 788 667 836 Ο.
675 787 773 846 Heium,

94 858 205 911 Juratum
216 849 290 900 dicere
300 854 404 914 audistis,
415 855 453 902 isti
461 870 543 902 novem
553 853 680 901 onerariam
695 853 772 900 mexi-

102 928 171 960 msm
182 914 298 964 Messanae
312 934 367 976 esse,
379 919 470 982 publice
485 919 566 967 coactis
580 917 662 980 operis,
677 916 774 964 redifica-

101 985 169 1026 tamr
187 978 296 1044 idemque
308 982 502 1031 Mamertinorum
512 983 609 1046 legatus,
620 981 685 1028 istius
693 979 774 1028 lauda·

101 1050 149 1100 tor‚
162 1057 209 1090 non
219 1045 295 1094 solum
305 1046 376 1094 istum
390 1049 451 1095 bona
465 1063 515 1106 aua,
526 1062 607 1094 verum
621 1045 691 1093 etism
702 1060 773 1104 sacro,

102 1105 215 1180 Deosque
231 1119 337 1173 penates,
349 1127 364 1158 a
378 1112 504 1172 majoribus
519 1110 621 1167 traditos,
640 1125 669 1156 ex
686 1108 774 1156 adibus

103 1186 153 1218 aurs
164 1172 273 1235 eripuisse
283 1174 349 1222 dixit.
373 1176 487 1223 Praeolara
495 1174 606 1232 laudatio,
618 1187 672 1219 cum
685 1172 775 1219 duabus

102 1233 130 1282 in
148 1238 216 1284 rebus
231 1237 359 1302 legatorum
374 1255 422 1287 una
438 1255 506 1301 opera
520 1237 671 1289 consumitur,¹
685 1235 709 1281 in
724 1235 775 1282 lau-

104 1297 183 1349 dando
198 1309 267 1376 atque
280 1303 410 1366 repetendo.
433 1304 514 1366 Atque
529 1318 556 1351 ee
571 1301 622 1363 ipsa
634 1299 712 1348 civitas
729 1297 777 1362 qui

103 1363 194 1438 ratione
205 1365 240 1412 illr
250 1367 324 1416 amica
338 1367 376 1428 sit,
392 1368 480 1415 dicetur
494 1375 555 1414 certo
569 1364 626 1413 loco.
650 1363 777 1426 Reperietis

103 1443 178 1503 enm,
189 1446 242 1493 quae
253 1447 327 1479 cause
336 1431 500 1480 benevolentis
511 1431 557 1478 sint
565 1427 711 1476 Mamertinis
722 1443 776 1490 erga

102 1501 186 1552 ratum,
199 1510 235 1542 aas
245 1495 307 1558 ipsas
317 1512 395 1544 causas
405 1496 459 1544 satis
472 1497 545 1556 justas
557 1509 604 1542 esse
614 1491 775 1540 damnationis.

103 1557 164 1604 Alia
174 1557 252 1607 civitas
263 1561 336 1620 nulla,
346 1561 442 1622 judices,
454 1560 547 1623 publico
557 1557 651 1606 consilio
661 1557 748 1605 laudat.

112 1661 114 1666 .
139 1621 184 1670 Vis
198 1622 239 1670 illa
252 1625 339 1672 summi
353 1625 443 1689 imperii
457 1633 548 1672 tantum
563 1622 638 1686 potuit
652 1621 715 1685 opud
725 1637 777 1684 per-

104 1701 192 1750 psuoos
203 1687 315 1748 homines,
327 1704 373 1736 aon
384 1690 493 1746 civitates,
506 1696 532 1736 ut
547 1697 587 1735 aut
601 1686 710 1734 levissimi
724 1685 777 1748 qui-

105 1749 163 1798 dam
177 1767 207 1800 ex
223 1752 355 1800 miserrimis
370 1752 570 1815 desertissimisque
585 1749 675 1813 oppidis
689 1749 778 1796 inveni-
818 1787 820 1800 .

105 1824 197 1874 rentur,
208 1815 258 1880 qui,
269 1815 357 1877 injussu
368 1817 449 1880 populi
463 1833 490 1864 ac
500 1819 599 1872 senatis,
610 1813 778 1877 proficisceren-

106 1887 162 1936 τως
179 1888 220 1928 aut
230 1880 256 1940 ii,
267 1881 309 1944 qui
319 1893 397 1929 eontra
409 1882 480 1929 istum
494 1879 565 1942 legati
577 1878 660 1926 decreti
671 1885 743 1934 etant,
755 1885 778 1924 et

108 1943 266 1994 testimonium
277 1945 397 2008 publicum
408 1962 435 1993 ac
449 1945 557 1992 mandata
567 1951 707 2006 acceperant,
718 1940 742 1987 vi
751 1955 779 1988 ac

107 2017 174 2056 metu
189 2009 346 2057 retinerentur.
370 2009 441 2069 Quod
454 2025 496 2072 ego
510 2008 535 2054 in
549 2007 627 2070 paucis
642 2015 719 2053 tamen
734 2019 778 2051 usn

108 2073 198 2122 venisse
207 2089 256 2122 non
266 2074 361 2122 moleste
371 2074 427 2132 lero,
439 2089 486 2137 quo
500 2073 602 2134 rdiquae,
619 2079 652 2117 tot
663 2079 686 2117 et
698 2077 777 2127 mute,

108 2146 133 2186 et
143 2145 193 2186 lam
203 2154 283 2200 graves
293 2138 403 2196 civitates,
415 2147 463 2185 tota
470 2137 568 2200 denique
580 2135 657 2182 Sicilia
663 2134 717 2197 plus
725 2148 779 2180 auc·

108 2201 207 2257 totitatis
224 2202 288 2266 apud
304 2218 344 2250 vos
360 2203 462 2260 haberet,
480 2216 534 2248 cum
551 2197 664 2257 videretis,
677 2196 780 2248 nullln

108 2266 211 2325 retineri,
223 2265 288 2314 nullo
298 2267 399 2329 periculo
410 2265 525 2329 prohiberi
536 2263 645 2327 potuisse,
656 2261 781 2326 quominus

110 2331 277 2394 experirentur,
293 2331 374 2393 ecquid
389 2331 451 2393 apud
465 2345 504 2377 vos
521 2327 670 2392 querimoniis
681 2327 782 2374 valerent

110 2395 161 2444 anti
178 2395 324 2444 uissimorum
332 2395 562 2457 fidelissimorumque
570 2391 688 2439 socionrm.
706 2391 779 2450 Nam,

110 2412 178 2524 quod
191 2459 285 2508 fortasse
299 2475 346 2507 non
361 2475 430 2507 nemo
446 2461 545 2506 vestrum
560 2455 665 2514 audierit,
680 2455 750 2503 istum
766 2471 782 2502 a

111 2523 261 2588 Syracusanis
272 2524 363 2587 publice
376 2523 483 2579 laudari;
500 2521 533 2579 id,
545 2519 644 2579 tametsi,
655 2520 729 2584 priore
743 2534 782 2566 nc·

110 2588 184 2649 tione,
195 2603 225 2636 ex
237 2587 339 2637 Heraclii
350 2586 485 2651 Syracusani
499 2584 637 2643 testimonio,
652 2582 782 2644 cujusmodi

109 2661 181 2724 esset,
190 2652 343 2716 cognoverim
361 2662 439 2700 tamen
449 2651 515 2700 vobis
529 2650 575 2698 alio
589 2649 649 2704 loco,
664 2656 692 2696 ut
702 2662 726 2695 se
736 2653 784 2696 tots
