1828 2966
112 159 159 208 ros
250 157 458 210 ruvunnnnr
475 158 511 209 11,
527 159 643 209 omre.
670 211 673 220 ,

110 287 215 339 instituta
224 292 348 352 majorum
364 289 479 338 Omnium
488 296 521 337 est
529 287 658 337 communis
666 285 785 348 inimicus,

128 354 206 402 ulfuit
216 355 286 403 hostis
297 369 398 402 suorum.
426 355 505 401 Nemo
515 367 619 416 unquam
631 353 721 416 sapiens
731 368 786 415 pro-

129 419 179 466 'tori
193 419 332 467 eredendum
342 417 439 482 putarit.
468 418 522 481 Ipse
533 417 607 477 Sulla,
623 417 661 464 cui
672 417 785 465 adventus

111 482 177 530 istius
187 485 329 546 grstismmus
340 497 387 530 esse
397 483 485 540 debuit,
497 483 528 534 ab
542 496 565 528 se
575 481 703 539 hominem,
716 489 786 544 atque

111 549 142 595 ub
153 548 253 595 exercitu
261 563 311 606 suo,
322 547 433 594 removit:
452 545 579 594 Beneventi
590 561 637 593 esse
645 546 714 606 jussit
723 543 786 608 apud

112 625 159 668 eos,
171 627 228 674 quos
239 613 286 658 suis
296 611 399 674 pertibus
410 610 559 658 amicissimos
569 625 617 658 esse
626 611 786 672 intelligebam

112 675 154 722 ubi
161 674 203 722 iste
211 691 308 722 summu
315 675 349 722 rei
360 689 479 738 causasque
489 689 571 722 nocere
579 675 638 721 nihil
648 684 731 738 posset.
755 673 787 722 Ei

111 749 190 802 postes
204 741 299 802 praemis
309 747 387 786 tamen
397 739 521 787 liberaliter
535 738 630 786 tribuit:
647 741 709 786 bons
723 754 788 802 qure-

113 802 168 849 dsm
183 803 361 866 proscriptorum
372 803 396 849 in
411 819 467 865 agro
480 804 643 850 Beneventano
659 803 788 866 diripienda

113 867 236 914 concessit:
258 868 340 915 hebuit
360 868 480 925 honorem,
499 875 527 913 ut
543 867 664 930 proditori,
687 881 743 926 non,
760 875 788 915 ut

114 931 196 988 amico,
213 931 291 978 fidem.
317 931 397 989 Nunc,
418 931 525 993 quamvis
544 931 590 978 sint
607 930 722 991 homines,
745 931 787 995 qui

113 1003 232 1044 mortuum
244 996 287 1042 Gn.
299 995 430 1043 Carbonem
441 995 545 1051 oderim
563 1005 641 1043 tamen
652 995 678 1042 hi
692 995 785 1054 debent,

114 1072 169 1118 non,
187 1059 245 1122 quid
260 1061 296 1107 illi
312 1059 412 1108 accidere
428 1060 550 1117 volueriut,
567 1059 607 1106 sed
622 1059 679 1123 quid
693 1060 749 1124 ipsis
764 1060 788 1108 in

115 1123 156 1172 tsh'
165 1139 191 1171 re
201 1124 352 1172 metuendum
368 1123 410 1181 sit,
424 1124 529 1186 eogitsre.
555 1123 686 1172 Commune
701 1133 735 1172 est
745 1125 789 1172 hoc

114 1189 214 1247 malurn,
237 1188 367 1237 communis
392 1197 477 1247 metus,
505 1203 628 1236 commune
651 1189 789 1252 periurium.

86 1267 89 1274 ’
116 1252 197 1300 Nullus
207 1263 262 1302 sunt
272 1254 404 1302 occultiores
413 1252 511 1308 iusidiae,
522 1267 594 1315 quarn
605 1269 645 1312 eae,
657 1268 711 1316 quae
719 1254 792 1301 lsteut

115 1317 140 1364 iu
151 1319 297 1366 simulatione
307 1317 383 1375 officii,
395 1325 435 1363 sut
445 1317 470 1363 in
481 1316 559 1379 aliquo
570 1317 741 1365 necessitudinis
749 1333 793 1365 no-

115 1382 186 1430 mine.
210 1383 275 1429 Nom
290 1397 353 1439 eum,
369 1381 411 1456 qui
425 1381 502 1444 palam
514 1389 547 1428 est
558 1381 708 1440 adsumtos,
725 1381 793 1431 facile

116 1445 217 1493 cavendo
235 1447 306 1493 vitsre
324 1459 410 1508 possis:
428 1445 541 1493 hocsem
559 1445 685 1505 occultum,
702 1447 793 1494 intesti-

116 1522 183 1563 num,
195 1509 379 1556 sudomesticum
390 1509 489 1567 melum,
500 1523 547 1556 non
556 1510 625 1558 modo
636 1525 683 1558 nou
694 1511 792 1570 exsistit,

116 1587 197 1620 verum
214 1573 284 1620 etism
298 1573 416 1636 opprimit,
435 1582 560 1638 antequem
577 1575 705 1638 prospicere
722 1583 793 1640 etque

117 1637 236 1748 exYlorere
246 1637 355 1699 potueris.

163 1711 216 1748 tone
226 1704 298 1749 vero?
310 1711 345 1760 tu,
357 1717 411 1750 cunr
419 1711 520 1766 quaestcr
530 1703 560 1752 sd
571 1704 696 1752 exercitum
703 1704 790 1754 missus

115 1764 153 1824 sis,
170 1773 246 1813 custos
262 1779 309 1812 non
327 1767 402 1814 solum
417 1768 528 1830 pecunie,
546 1769 586 1816 sed
602 1770 673 1816 etium
689 1771 791 1818 consulis

114 1830 226 1894 pertieeps
234 1830 340 1878 omnium
351 1845 428 1878 rerum
439 1832 631 1896 consiliorumque
644 1833 730 1890 fueris3
748 1833 791 1882 hu·

116 1893 179 1942 bitus
195 1895 225 1942 sis
244 1895 268 1942 iu
283 1895 382 1944 libcrtlm
396 1896 455 1954 loco,
472 1896 531 1944 sicut
541 1911 592 1944 mos
602 1898 717 1958 majorum
732 1898 793 1946 fero·

117 1960 172 2015 bat:
197 1968 290 2022 repmrte
311 1960 446 2024 relinques?
470 1959 578 2009 deseras?
601 1961 631 2008 sd
652 1961 793 2010 adversarios

117 2027 238 2072 meus?
255 2024 280 2072 0
295 2025 382 2072 scelus!
401 2032 558 2086 oportentum
572 2025 597 2072 in
612 2025 706 2073 ultimus
722 2036 794 2075 terras

118 2088 449 2212 {ll'illlllllloffl
458 2097 669 2203 tltlttt‘t
678 2099 797 2203 tlttl

119 2223 190 2264 tenta.
219 2218 317 2264 Necesse
330 2225 372 2274 est,
390 2231 479 2280 semper
490 2215 578 2279 aliquid
589 2218 703 2278 ejusmodi
713 2220 798 2268 molis.

121 2287 174 2328 tur:
191 2295 280 2327 neeesse
290 2289 333 2340 est,
349 2281 374 2328 in
386 2279 456 2328 simili
466 2280 562 2329 sudeus
570 2282 714 2394 ffifidiique
723 2299 799 2333 verse-

123 2351 168 2390 tur.
197 2344 280 2406 Iteque
289 2343 350 2390 idem
365 2345 416 2402 iste,
432 2359 502 2407 quem
513 2343 557 2392 Gn.
609 2347 694 2396 lsbells
707 2357 798 2412 postes,

122 2406 151 2453 0.
163 2407 275 2454 Malleolo
285 2408 366 2466 occiso,
381 2423 423 2471 pro
434 2417 546 2472 questore
553 2410 644 2470 habuit,
656 2412 731 2466 (haud
741 2413 799 2474 seio,

121 2483 152 2516 sn
169 2471 244 2528 major
259 2471 329 2517 etium
345 2472 394 2518 haec
411 2474 553 2522 noeessitudo
569 2475 647 2535 luerit,
665 2491 739 2540 quem
757 2479 800 2528 ills

120 2532 240 2589 Csrbonis,
255 2548 282 2580 sc
291 2535 345 2596 plus
353 2535 468 2595 judicium
481 2538 607 2586 voluntatis
623 2540 707 2599 volere,
724 2557 800 2604 quum

118 2596 192 2655 sortis,
203 2595 294 2655 debeat)
311 2597 373 2645 idem
386 2599 411 2645 in
429 2600 473 2648 Cn.
483 2601 640 2662 Dolabellam,
653 2605 695 2668 qui
710 2605 736 2652 in
750 2609 799 2658 Cn.

114 2659 244 2710 Carbonem
257 2660 310 2709 fuit
338 2661 413 2721 Nem,
427 2679 481 2728 quae
494 2666 519 2714 in
534 2666 612 2732 ipsimi
627 2669 736 2720 vastant
748 2674 797 2724 mi.
