1824 2968
177 135 257 186 ,ΡΒΟ
273 135 399 188 ROSCIO
416 135 591 188 Autumno.
609 135 672 185 Ger.
685 137 724 184 lo.
745 134 788 182 te
828 123 830 130 ¹

119 272 150 310 ut
161 265 218 312 urbe
228 265 277 314 toti
287 265 354 314 fletus
364 265 508 329 gemitusque
523 266 594 314 fieret.
611 264 707 312 Etenim
716 261 792 310 multe

119 327 193 374 simul
203 338 256 376 ente
267 331 344 378 oculos
353 332 513 378 versabanturr
530 345 592 377 mors
600 328 699 376 hominis
709 329 791 374 floren-

118 391 212 452 tissimi,
231 394 285 442 Sex.
302 395 388 453 Roscii,
407 394 576 450 crudelissime3
593 393 636 440 lilii
652 401 729 439 eutem
742 391 790 449 ejus

118 465 208 518 egestus
214 457 388 521 indignissimae
400 459 446 516 oui,
454 458 552 505 detento
560 456 705 520 patrimonio,
714 452 791 518 predo

119 519 165 566 iste
178 521 278 569 nefarius
293 537 322 568 ne
335 522 378 570 iter
388 523 482 586 quidem
497 521 527 568 ed
544 521 673 584 sepulcrum
691 517 792 582 petrium

120 583 251 657 reliquisset
260 603 267 633 ι
285 588 398 634 bonorum
407 586 478 640 emtio
488 585 606 648 flagitiosa,
618 584 730 647 flagitiosa
739 595 793 656 pos:

121 662 200 707 sessio,
220 648 290 706 furtu,
310 649 404 712 rapine,
422 649 560 697 donationes.
582 650 659 696 Nemo
677 655 732 706 erat,
751 659 792 708 qm

121 726 171 770 ¹non
183 711 262 758 erdere
272 714 350 760 omniu
360 715 447 772 mullet,
459 729 529 776 quem
538 713 613 760 videre
623 713 648 760 in
663 713 716 759 Seu.
732 711 792 758 Ros·

122 774 219 883 cii,vipli
234 776 316 848 optimi
310 785 399 888 tepntqure
409 777 573 888 Ilppnestissimi,
589 777 654 824 bonis
667 778 792 837 jactantem

124 853 150 884 se
162 853 189 884 ac
216 853 309 884 emman
390 874 397 887 .
446 856 526 889 serum.

160 901 245 964 Itaque
255 901 400 952 decurionum
411 905 526 956 decretum
535 905 611 954 stetim
618 905 653 963 fit,
661 912 688 951 ut
694 904 792 950 Decem·

126 963 199 1027 primi
209 965 377 1027 proficiscentur
387 969 416 1015 sd
430 969 459 1019 L.
471 969 569 1029 Sullam,
580 969 720 1031 doceantque
728 981 791 1025 eum,

127 1027 172 1092 qui
190 1028 224 1075 vir
240 1031 292 1078 Sex.
310 1032 406 1084 Roscius
421 1033 506 1090 fuerit3
523 1041 690 1097 mnquersntur
699 1031 728 1078 de
739 1030 793 1076 isto-

127 1107 183 1138 rum
197 1094 278 1142 soelere
294 1105 316 1143 et
331 1097 437 1157 injuriisr
454 1105 526 1157 orent,
544 1107 571 1144 ut
588 1106 611 1145 et
628 1097 690 1144 illius
709 1093 794 1142 mortui

124 1155 220 1216 sumam,
233 1167 255 1206 et
265 1159 307 1206 lilii
317 1160 442 1208 innocentis
452 1160 554 1208 fortunas
570 1168 711 1208 conservatus
729 1157 791 1206 velit.

123 1220 205 1284 Atque
223 1222 301 1285 ipsum
317 1223 442 1283 decretum,
459 1221 546 1287 queso,
563 1223 696 1286 cognoscite
730 1223 789 1274 (De-

123 1291 214 1332 cretum
229 1288 397 1348 decurionum.)
413 1288 496 1400 13²ss
505 1289 530 1335 in
541 1296 613 1335 cestre
628 1285 736 1334 veniunt:
752 1285 789 1331 in-

122 1349 245 1412 telligitur,
252 1352 347 1412 judices,
356 1352 389 1411 id,
398 1369 430 1416 qu
464 1353 514 1414 jem
522 1360 575 1401 ente
583 1351 640 1408 dixi,
648 1349 793 1413 imprudente

126 1413 156 1461 11.
177 1415 253 1474 Suus,
265 1417 347 1466 scelera
360 1417 410 1464 haec
424 1425 447 1466 et
462 1415 549 1480 flagitis
559 1416 615 1464 fieri.
633 1415 698 1464 Nem
714 1413 792 1461 statim

124 1477 287 1541 Chrysogonus
294 1490 318 1527 et
331 1481 379 1554 ipse
390 1481 420 1528 ed
430 1495 468 1527 eos
475 1481 568 1540 secedit,
580 1488 603 1528 et
613 1478 716 1528 homines
726 1477 793 1525 nobi·

122 1541 156 1588 les
168 1543 252 1604 alleget
261 1543 297 1602 iis,
309 1559 350 1608 qur
359 1553 470 1607 peterent,
482 1559 511 1591 ue
518 1544 549 1590 sd
556 1545 646 1592 Sullem
657 1543 753 1601 edirent,
765 1549 788 1588 et

124 1606 204 1652 omniu
220 1606 405 1671 Chrysogonum,
425 1623 478 1672 quae
496 1609 588 1670 vellent,
608 1624 656 1656 esse
676 1607 793 1654 lecturum

124 1669 292 1732 pollicerentur.
752 1675 754 1682 ’

158 1733 239 1796 Usque
252 1735 308 1782 edeo
318 1745 396 1788 eutem
409 1737 449 1785 ille
460 1737 615 1800 pertimuerat,
626 1745 654 1785 ut
663 1735 723 1784 mori
732 1734 793 1782 mel-

124 1797 164 1856 let,
176 1813 248 1860 quam
259 1799 287 1846 de
295 1799 331 1846 his
339 1803 407 1849 rebus
414 1801 503 1850 Sullam
511 1800 593 1849 doceri.
610 1801 724 1848 Homines
735 1798 794 1846 enti-

126 1861 174 1924 qui‚
186 1861 228 1924 qui
239 1877 268 1910 ex
284 1863 421 1912 minuturi
437 1873 528 1916 ceteros
544 1865 663 1928 tinguent,
680 1879 732 1913 cum
752 1863 793 1910 ille

127 1925 278 1986 confirmaret,
290 1942 339 2001 sese
350 1942 434 1976 nomen
450 1930 503 2002 Seu.
515 1929 593 2003 Roscii
607 1929 635 1976 de
651 1927 735 1977 tubulis
752 1941 793 1973 ex-

127 2003 163 2097 {¹1¹⁰
165 1991 384 2118 {tentiis
385 1991 658 2118 mittit
667 2003 793 2102 ‘ciffi

128 2115 207 2178 legetis
229 2124 285 2176 erat,
311 2120 489 2181 appromitteret,
516 2119 674 2167 crediderunt:
699 2116 794 2163 Ameri-

128 2194 174 2239 em,
194 2196 219 2228 re
236 2181 333 2240 inorati,
352 2192 498 2234 reverterumt.
526 2187 565 2231 Ac
586 2181 661 2245 primo
680 2196 729 2228 rem
748 2179 795 2228 dif-

128 2242 186 2290 ferre
204 2245 306 2308 quotidie
324 2261 351 2293 at
368 2247 530 2308 procrastinare
546 2246 582 2293 illi
600 2253 728 2308 coeperuntt
754 2244 794 2305 de-¹

129 2306 181 2354 inde
205 2309 323 2371 aliquanto
346 2310 437 2368 lentius,
460 2310 519 2358 nihil
539 2325 613 2372 egere,
638 2319 707 2372 utque
728 2309 793 2356 delu-

127 2369 193 2418 dere:
211 2381 325 2434 postremo
340 2373 382 2431 (id,
396 2372 459 2436 quod
468 2373 534 2422 ieeile
548 2374 688 2422 intellectum
700 2381 742 2431 est)
756 2373 794 2418 in-

128 2433 198 2481 sidins‘
211 2437 264 2484 vitae
280 2437 375 2496 hujusce
393 2439 445 2484 Seu.
459 2438 538 2486 Roscii
549 2453 636 2501 perere,
656 2452 731 2500 neque
743 2451 791 2484 sese

129 2498 232 2558 urbitreri
239 2515 304 2562 posse
312 2500 397 2548 diutim
407 2501 505 2552 suenum
515 2503 645 2566 pecuniam,
653 2501 746 2553 domino
755 2500 792 2548 in·

128 2561 220 2624 columi,
232 2563 340 2615 obtinere
706 2609 711 2616 .

157 2625 188 2674 X·
207 2627 278 2688 Quod
291 2628 311 2676 is
323 2628 392 2686 simul
401 2637 471 2694 etque
485 2629 565 2690 ‚sensit5
576 2629 605 2676 de
617 2628 742 2676 amicorum
753 2639 791 2674 ou·
