1824 2956
247 116 287 176 1'N
304 115 454 178 vn'nnnu
471 129 517 177 1v.
529 127 592 178 ci».
604 130 645 175 ss.
731 113 783 174 sm?

110 259 165 301 rtim
185 254 354 304 teterrimarum
374 255 539 320 improbissimi
559 255 692 319 cognitores.
717 253 779 302 Innl·

107 317 178 381 piunt
195 319 319 381 postulare,
333 337 433 384 poscere,
446 320 545 368 minariz
563 335 609 367 non
623 327 729 382 poterent
743 326 779 374 ta,

108 396 174 440 men,
186 397 240 438 eum
251 393 367 447 cuperent,
376 385 509 449 Apronium
519 384 612 432 imiteri-
629 383 701 432 Siculi
712 383 778 430 Sicu-

106 445 144 492 los
151 455 253 494 uontmn
260 448 456 510 pertimescebant.
468 449 529 497 Cum
537 448 601 496 omni
607 448 695 495 ratione
700 456 777 494 temen

106 508 144 556 illi
155 510 356 569 calumniarentur,
368 514 506 575 promittunt
516 512 665 560 Herbitenses
674 511 778 558 radimo·

107 572 176 635 nium
188 575 318 638 Syracusas.
336 576 373 624 Eo
383 585 532 640 posteaquam
539 585 634 624 ventum
641 585 683 634 est,
692 588 778 638 cogun-

106 645 148 684 tur
158 638 299 700 AEsclrrioni,
310 640 335 688 id
345 650 387 699 est,
397 641 486 704 Pippte,
495 641 549 688 dare
555 649 655 699 tentum,
663 647 777 704 quantum

109 710 161 749 erat
173 701 203 750 de
216 704 289 766 capite
303 705 417 764 demtum,
430 705 498 752 nitici
513 705 656 752 medimnum
673 717 718 751 c1o
731 715 787 750 cro·

108 777 156 814 cro
173 777 218 814 nc.
237 767 383 816 Mulierculae
397 769 526 832 publiceuae
542 769 616 816 noluit
629 784 658 816 ex
675 766 777 816 decumis

108 827 212 877 nimium
222 831 280 879 lucri
290 833 353 892 dare,
364 848 393 880 ne
403 833 461 881 forte
472 835 501 880 eb
514 842 626 881 nocturno
635 847 677 880 suo
687 840 777 895 questu

107 893 216 941 animum
226 895 256 942 ad
266 897 384 959 vectigalis
394 897 527 944 redimenda
537 897 674 944 nmsterret.

70 1013 72 1018 ,
116 969 119 977 ’
141 957 297 1011 Μωαιιιη
322 963 435 1024 putabant
459 961 624 1018 Herbitenses3
649 975 703 1009 cum
725 958 776 1020 iste,

107 1023 127 1050 ‘⁴
139 1021 206 1084 Quitl
218 1023 248 1070 tie
261 1023 372 1083 hordeo,’'
390 1025 474 1088 inquit,
492 1028 541 1072 “et
555 1024 662 1084 Docimo,
676 1023 783 1072 amiculo

106 1089 182 1162 meo?
199 1087 256 1150 quid
267 1089 368 1162 cogitetis
377 1091 405 1137 ?''
421 1090 457 1136 At
467 1090 511 1138 hoo
524 1091 607 1152 egebat
616 1089 648 1164 in.
661 1088 775 1163 cubiculo,

104 1149 205 1212 judiees,
213 1159 314 1215 atquem
325 1153 408 1200 lectulo
415 1169 464 1201 suo.
483 1154 606 1215 Negabant
615 1151 778 1214 illr'srbrqurd·

107 1229 181 1276 quam
199 1231 247 1263 esse
259 1216 401 1264 mandatum.
427 1218 483 1264 Non
496 1216 579 1264 audior
597 1218 716 1262 numerate
733 1215 784 1263 ns

108 1276 168 1327 XV.
184 1279 250 1338 Quid
266 1280 365 1328 iacerent
382 1281 479 1329 miseri?
496 1289 536 1328 eut
552 1280 609 1344 quid
627 1281 776 1327 recusarent?

107 1343 235 1405 presertim
244 1345 328 1392 cumin
336 1345 420 1393 lectulo
430 1345 563 1392 decumana
570 1344 673 1391 mulieris
683 1343 778 1406 vestigia

107 1406 213 1455 viderent
223 1408 328 1468 recentia,
340 1410 424 1472 quibus
434 1409 503 1456 illum
513 1408 651 1458 inflammari
661 1407 692 1455 ed
702 1423 777 1482 perse-

107 1471 237 1518 verandum
252 1473 430 1536 intelligebant?
453 1473 491 1520 Ite
507 1473 586 1522 civitas
602 1489 650 1520 uuo
664 1487 777 1520 sociorum

106 1543 178 1598 atque
186 1535 321 1596 amicorum,
328 1537 417 1586 duabus
422 1538 541 1586 teterrimis
548 1537 695 1595 mulierculis,
704 1537 776 1585 Verre

107 1608 213 1661 pretore,
225 1601 339 1663 vectigalis
353 1602 404 1649 fuit.
425 1602 507 1664 Atque
521 1618 563 1665 ego
576 1617 646 1657 nunc,
660 1616 713 1649 eum
726 1601 777 1648 fru-

109 1663 184 1710 menti
194 1678 325 1724 numerum,
340 1675 364 1712 et
373 1681 411 1714 eas
423 1667 514 1728 publice
526 1666 633 1729 pecunius
644 1665 777 1712 deormanis

108 1729 140 1774 ab
152 1726 326 1778 Herbitentibus
334 1729 398 1777 detes
407 1745 465 1788 esse,
473 1729 538 1777 dico:
556 1745 602 1793 quo
610 1729 776 1788 iilifrumento,

109 1799 134 1838 et
149 1791 234 1854 quibus
244 1793 354 1856 pecuniis,
370 1802 447 1841 tamen
462 1810 477 1840 e
490 1793 670 1851 decumanorum
687 1792 777 1852 injuriis

110 1855 170 1902 cives
181 1871 233 1904 suos
244 1871 290 1903 non
301 1858 452 1906 redemenmt.
470 1857 568 1904 Perditis
578 1856 640 1904 euim
651 1863 674 1902 et
683 1855 777 1917 direptis

109 1928 228 1967 oratorum
239 1921 313 1980 bonis,
328 1922 377 1969 heo
391 1921 523 1969 decumanis
535 1933 621 1968 merces
632 1919 738 1977 dabatur,
749 1926 778 1965 ut

109 1983 236 2046 aliquando
246 1999 275 2032 ex
286 2001 366 2032 eorum
381 1985 441 2048 agris
452 1992 521 2048 etque
531 1999 559 2031 ex
574 1983 670 2030 urbibus
681 1983 776 2029 obirent.

111 2047 196 2110 Itaque
206 2063 260 2096 cum
273 2049 381 2097 Philinus
394 2049 546 2106 Herbitensis,
561 2048 631 2094 homo
641 2046 738 2093 disertus
754 2054 778 2093 et

110 2111 220 2174 prudens,
233 2123 256 2160 et
266 2112 329 2160 dorni
340 2113 430 2173 nobilis,
442 2113 471 2160 de
481 2112 610 2161 calamitate
619 2119 743 2171 aratorum,
755 2116 778 2157 et
830 2153 836 2166 ,

111 2175 141 2222 de
153 2175 220 2240 fugi,
233 2185 255 2224 et
265 2177 295 2225 de
304 2177 444 2240 reliquorum
454 2176 567 2239 paucitate
577 2174 668 2238 publice
678 2173 776 2230 diceret3

111 2239 310 2299 ettinmdvertistis,
328 2241 424 2303 judices,
441 2241 553 2305 gemitum
570 2238 651 2303 populi
666 2237 778 2296 Romani,

111 2305 178 2364 cujus
192 2305 321 2368 frequentia
332 2305 387 2353 huic
404 2321 478 2353 causae
492 2319 611 2367 nunquam
625 2302 704 2350 defuit.
722 2300 778 2362 Qui

111 2366 142 2415 (ie
168 2369 266 2416 aucitate
275 2378 391 2417 oratorum
403 2369 448 2417 alio
457 2370 508 2417 loco
517 2369 600 2416 dicam.

145 2383 256 2481 iiXXV.
271 2434 343 2482 Nunc
362 2433 430 2492 illud,
448 2432 510 2496 quod
526 2447 592 2496 pene
608 2431 714 2496 preterii,
731 2446 778 2480 nou

112 2497 209 2546 omnino
232 2497 409 2561 relinquendum
434 2497 530 2546 ridetur.
563 2497 636 2554 Nem,
658 2511 699 2560 per
716 2496 779 2543 Deos

111 2560 268 2610 immortales!
287 2562 350 2626 quod
365 2561 394 2608 (le
411 2577 437 2610 ce
452 2562 484 2609 ite
499 2561 548 2624 ipso
560 2561 651 2618 demsit,
668 2575 716 2623 quo
730 2569 781 2634 tau·
886 2593 887 2596 η

110 2623 321 2676 dernmodovobis
335 2641 418 2676 noum
448 2624 781 2688 oswium,rerumetram
885 2669 886 2674 ,

794 2807 885 2910 Δ
