1828 2966
269 153 309 204 IN
326 153 474 209 VERREM
492 156 513 204 1.
531 155 595 206 Otr.
609 156 646 212 ld.
746 155 791 212 ll?

2 283 16 294 ·
117 281 659 347 mumusunugnsjummmnomuum
672 285 790 332 menne

118 347 271 395 notarentur?
288 347 346 396 Haee
356 349 435 396 omnis
445 363 483 398 me
493 348 614 412 dilignrter
624 363 744 411 severeque
752 364 789 396 ue.

119 419 200 458 turum
212 427 268 472 esse,
280 413 394 474 pollieeor.
803 459 812 474 ἰ

153 474 225 524 XIV.
242 476 298 534 Quo
308 491 347 524 me
357 476 449 526 tandem
458 477 537 525 animo
547 477 595 525 fure
605 476 699 540 putetis,
706 476 725 524 si
732 476 789 540 quid

117 539 145 588 in
159 539 203 588 hoe
217 541 267 602 ipso
278 540 366 602 judicie
379 541 512 589 intellexero
527 541 596 590 simili
611 541 691 604 aliqui
701 541 788 591 radone

117 619 168 667 esse
185 604 298 652 violatum
316 613 385 668 etque
403 605 568 654 commissum?
591 621 645 654 eum
663 606 790 668 presertim

61 689 64 692 ·
117 668 218 730 pianum
228 668 301 716 fecere
311 669 391 718 multis
401 670 497 718 testibus
507 670 601 733 possim,
613 670 640 718 Ο.
653 669 751 718 Verrem
762 669 787 718 in

118 731 208 791 Sieilii,
219 733 299 780 multis
310 733 464 792 audientibus,
473 749 533 797 saepe
542 734 635 794 dixisse,
647 736 665 762 “
674 749 698 781 se
705 734 789 782 hebere

118 793 239 844 hominem
249 805 374 859 potentem,
386 798 452 856 eujus
463 798 548 846 fiducie
557 798 697 860 provinciam
708 798 791 862 spoliu-

119 868 156 906 ret
163 877 170 906 r
188 875 263 922 neque
274 860 317 908 sibi
328 861 370 906 soli
379 861 502 922 pecuniam
509 877 619 925 querere,
631 862 670 908 sed
680 861 713 907 ite
720 866 790 912 trien·

118 923 188 971 nium
201 923 262 970 illud
276 931 383 987 praeturae
396 923 518 971 Siciliensis
533 925 681 972 distributum
696 926 789 988 hebere,

118 995 148 1034 ut
158 1003 237 1036 semin
244 987 352 1050 praeelnre
359 987 397 1049 egi
405 987 497 1045 diceret,
505 987 524 1034 si
532 986 601 1035 unius
609 987 664 1034 enni
675 999 790 1050 questum

118 1051 146 1098 in
156 1067 206 1098 rem
217 1067 283 1098 suem
291 1060 444 1108 converterem
461 1053 559 1098 alterurn
570 1051 671 1114 patronis
679 1061 702 1100 et
712 1053 791 1100 defen.

118 1116 211 1166 roribus
218 1115 264 1163 suis
272 1115 386 1172 traderem
403 1115 497 1165 tertium
503 1115 571 1162 illum
577 1115 720 1164 uberrimum
727 1133 791 1180 quae-

120 1179 336 1242 serenissimumque
343 1194 431 1226 annum
438 1187 513 1226 totum
519 1177 635 1240 J'udieibus
643 1183 790 1228 reservaret”

119 1243 161 1292 Ex
168 1244 281 1307 quomihi
288 1244 491 1292 venitinmentem
497 1243 556 1290 illud
564 1241 646 1300 dicere,
652 1242 725 1305 (quod
731 1245 793 1308 apud

121 1307 161 1356 Μ’
176 1308 327 1356 Glabrionem
343 1322 418 1371 nuper
431 1322 486 1355 cum
499 1307 524 1354 in
537 1305 663 1368 rejiciendis
675 1307 793 1368 judicibus

119 1372 344 1430 eemmemorissem,
355 1372 459 1421 intellexi
469 1371 614 1421 vehementer
624 1371 737 1434 populum
745 1375 795 1423 Re-

121 1452 221 1485 menum
236 1437 392 1498 commoveri),
404 1453 442 1484 me
453 1435 566 1495 arbitrari,
577 1434 634 1496 fore,
647 1436 681 1483 uti
690 1437 793 1489 nationes

120 1511 208 1550 exteras
218 1502 304 1564 legatos
315 1501 345 1549 ed
355 1503 469 1565 populum
484 1502 619 1549 Romanum
631 1500 755 1565 mitterent,
766 1513 794 1553 ut

121 1565 161 1614 lex
172 1565 202 1616 de
212 1565 315 1628 pecuniis
322 1566 453 1629 repetundis
458 1565 619 1628 judiciumque
627 1565 749 1616 tollerenrr.
766 1571 792 1618 Si

122 1631 187 1680 enim
195 1629 283 1692 judieie
293 1630 358 1678 mille
368 1630 422 1690 sint,
432 1639 523 1678 tentum
531 1645 722 1694 unumquemque
729 1634 793 1682 ebla-

124 1704 206 1742 turum
216 1702 309 1758 putent,
320 1704 434 1757 quantum
446 1695 489 1742 sibi
499 1711 526 1743 ee
536 1695 613 1742 liberis
624 1694 670 1742 suis
681 1696 735 1744 setis
745 1713 793 1746 esse

4 1787 19 1798 -
124 1757 291 1822 [arbitreturr]
302 1773 373 1818 nunc,
384 1759 447 1822 qued
458 1759 571 1820 eiusmodi
582 1758 669 1819 judicis
676 1760 730 1819 sint,
742 1770 794 1810 ten.

124 1833 178 1872 tum
188 1837 379 1898 unumquemque
390 1823 485 1884 auferre,
497 1833 611 1888 quantum
622 1823 674 1882 eibi,
683 1826 794 1887 petronis,

124 1887 249 1945 adunatis,
260 1895 360 1950 pretori,
374 1889 498 1949 judicibus,
507 1888 561 1938 setis
571 1887 677 1939 stitutum
691 1889 735 1936 eit:
753 1890 797 1940 hoe

125 1951 227 2018 profecto
235 1951 351 2000 infinitum
360 1967 421 2001 essee
437 1969 461 2000 se
468 1952 594 2002 avarissimi
601 1952 701 2000 hominis
708 1953 797 2016 eupidi-

126 2016 382 2079 tetisetisfseereposse,
391 2017 556 2066 nocentissimae
563 2016 795 2081 vicmriaenonposse.

160 2081 184 2130 0
200 2082 400 2130 commemorande
413 2082 508 2143 judicie,
523 2082 701 2146 preclarumque
716 2083 794 2132 existi.

127 2146 253 2194 mationem
268 2146 339 2193 nostri
353 2147 452 2196 ordinis!
470 2163 524 2197 curn
535 2145 590 2194 socii
603 2145 684 2209 populi
694 2147 796 2198 Romani

124 2211 214 2272 judicie
230 2211 260 2258 de
275 2211 377 2274 pecuniis
394 2215 525 2276 repetundis
541 2211 591 2259 fieri
607 2211 697 2272 nolunt,
713 2229 795 2276 quaen

129 2276 256 2337 majoribus
273 2276 354 2324 nostris
371 2277 484 2326 sociorum
502 2278 571 2328 eust
586 2286 716 2341 comparatu
734 2290 795 2330 sunt.

128 2342 171 2390 An
183 2343 227 2390 iste
241 2355 345 2404 unquam
360 2343 425 2391 dese
439 2346 524 2392 benum
537 2359 602 2407 spem
616 2342 740 2404 habuisset,
751 2346 796 2396 nisi

123 2407 158 2455 de
168 2406 233 2455 vobis
244 2407 330 2454 malurn
345 2423 359 2456 ο
375 2408 476 2456 inionem
490 2409 567 2457 animo
581 2409 726 2457 imbibisset?
742 2412 798 2471 Quo

128 2473 216 2534 majore
227 2471 297 2520 etiem
308 2472 338 2526 (si
365 2473 397 2522 eri
411 2482 495 2536 potest)
506 2474 569 2537 apud
583 2489 623 2523 vos
637 2473 690 2523 odio
700 2490 748 2525 esse
758 2477 798 2525 de·

129 2540 178 2598 bet,
196 2551 269 2612 quem
287 2545 322 2584 est
338 2539 400 2602 apud
417 2540 530 2604 populum
546 2540 690 2602 Romanum,
706 2556 760 2590 eum
773 2541 798 2588 in

130 2601 235 2664 avenni,
247 2601 337 2664 melete,
348 2605 456 2667 perjurio,
472 2620 512 2654 vos
526 2606 562 2654 sui
576 2605 663 2654 similes
677 2621 725 2654 etse
739 2604 800 2652 erbi-
