1820 2958
130 183 180 252 1or'
265 189 310 252 nt
321 189 469 254 vnnnnn
488 204 523 252 11.
541 203 605 252 ort.
618 203 658 252 so.

128 333 236 381 omnibus
246 334 351 381 omnium
361 333 500 397 flagitiorum
510 333 605 389 brissett
622 333 642 381 is
655 340 757 396 repente,
775 331 806 380 ut'

129 393 231 460 Romam
242 400 311 457 venit,
329 399 399 461 gratis
413 407 496 461 praetor
507 398 580 445 faetus
591 401 643 445 est?
660 397 718 444 Alia
733 413 801 460 porro

128 463 234 524 pecunia,
251 478 280 510 ne
291 471 441 520 aoousaretur,
453 463 513 509 data.
531 462 576 510 Cui
587 461 616 508 sit
626 461 689 520 data,
701 461 761 508 nihil
771 461 800 509 ad

128 538 175 590 me,
192 527 250 573 nihil
261 527 290 573 od
301 542 349 573 rem
364 527 475 590 pertinere
486 525 597 573 arbitrorz
615 525 694 574 datam
705 527 800 589 quidem

128 601 176 637 esse
184 600 234 637 tum
242 591 301 638 inter
311 605 390 638 omnes
401 590 485 638 recenti
495 590 586 652 negotio
597 589 663 638 facile
674 592 800 638 constabat.

161 654 241 700 Homo
260 653 392 702 stultissime
411 663 433 701 et
451 655 614 714 amentissime,
638 655 729 702 tabulas
747 669 800 702 cum

125 719 256 776 conficeres,
273 727 296 766 et
315 734 369 766 cum
388 719 570 766 extraordinariae
589 718 693 781 pecuniae
714 718 800 766 crimen

128 781 284 844 subterfugere
295 783 378 839 velles;
396 783 449 830 satis
465 791 487 830 te
502 783 632 846 elapsurum
648 783 714 829 omni
727 783 800 845 suspi-

127 845 191 893 cione
205 847 351 905 arbitrabare,
368 847 395 904 si,
410 847 494 910 quibus
509 847 629 911 pecuniam
641 847 757 904 credebas,
774 846 801 894 iis

128 917 255 972 expensum
269 926 315 957 non
331 911 409 970 ferres,
426 925 501 974 neque
514 910 539 958 in
554 921 604 958 tuas
619 913 710 958 tabulas
723 913 799 958 ullum

127 987 212 1020 nomen
229 975 330 1033 referres,
348 988 402 1022 oum
419 984 453 1022 tot
470 975 512 1022 tibi
529 976 661 1023 nominibus
680 975 803 1039 ucoeptum'

128 1035 203 1085 Curtii
217 1038 343 1087 referrent?
367 1039 433 1098 Quid
446 1040 552 1103 proderat
569 1040 619 1099 tibi,
634 1048 658 1087 te
672 1054 799 1106 expensum

111 1141 113 1149 r
125 1100 172 1150 iilis
183 1117 229 1151 non
241 1103 338 1152 tulisse?
354 1104 396 1150 An
407 1104 452 1151 tuis
463 1104 516 1151 solis
528 1104 611 1152 tabulis
620 1112 642 1151 te
650 1120 745 1152 causam
753 1104 800 1151 dic-

127 1173 207 1216 turum
219 1167 372 1216 existimtsti?
396 1219 398 1226 ,

159 1231 215 1282 XL.
232 1233 321 1281 Verum
339 1229 369 1280 ad
386 1229 450 1282 illam
463 1235 513 1296 jam
531 1233 649 1283 veniamus
664 1235 797 1297 praentaram
847 1291 850 1298 ¹

126 1307 260 1360 praeturam,
277 1298 418 1361 criminaque
428 1315 463 1358 ea,
479 1314 531 1362 quae
546 1299 634 1348 notiora
645 1307 699 1346 sunt
711 1299 748 1346 his
758 1298 799 1362 qui

127 1360 219 1420 adsunt,
237 1377 308 1425 quam
319 1363 392 1420 nobis,
410 1364 451 1426 qui
461 1362 564 1410 meditati
578 1363 608 1409 ad
623 1363 747 1410 dicendum
758 1379 798 1426 pe·

127 1425 217 1488 ratique
227 1425 345 1472 venimus:
363 1426 387 1473 in
399 1427 483 1488 quibus
493 1442 540 1474 non
551 1427 640 1485 dubito,
658 1428 717 1490 quin
727 1427 799 1474 offen-

121 1487 215 1535 sionem
222 1489 367 1552 negligentiae
378 1491 448 1538 vitare
457 1499 526 1554 atque
536 1491 636 1553 effugere
647 1507 694 1538 non
705 1493 797 1555 possim.

127 1549 202 1598 Multi
213 1553 274 1598 enim
284 1553 318 1600 ita
328 1553 417 1602 dicent:
436 1558 453 1584 “
465 1555 494 1602 de
504 1556 544 1602 illo
558 1556 618 1610 nihil
628 1556 696 1615 dixit,
711 1557 736 1603 in
753 1571 799 1620 quo

126 1627 169 1677 ego
184 1614 292 1663 interfui:
309 1617 374 1664 iilam
385 1618 494 1680 injuriam
504 1635 551 1667 non
566 1621 649 1683 attigit,
665 1637 719 1684 quoe
731 1617 798 1678 mihi,

126 1688 167 1726 aut
182 1695 234 1742 quae
249 1681 322 1728 amieo
336 1696 396 1740 meo,
412 1683 472 1731 facta
486 1691 528 1742 est,
543 1684 627 1746 quibus
638 1701 680 1747 ego
691 1686 716 1732 in
731 1687 798 1732 rebus

125 1741 244 1791 interfui.”
269 1745 314 1792 His
329 1747 445 1805 omnibus,
461 1748 502 1811 qui
516 1748 581 1796 istius
595 1748 691 1810 injurias
704 1752 797 1808 norunt,

125 1806 169 1856 hoc
185 1817 226 1868 est,
241 1811 327 1873 populo
343 1811 451 1859 Romano
466 1813 579 1870 universo,
596 1829 635 1860 me
653 1815 798 1861 vehementer

125 1882 260 1922 excusatum
271 1876 331 1934 volo,
348 1890 394 1923 non
405 1876 545 1938 negligenti&
555 1877 607 1924 met
617 1877 674 1936 fore,
686 1887 713 1926 ut
723 1879 798 1926 multa

125 1946 266 2004 preteream,
283 1939 323 1986 sed
337 1939 399 2002 quod
414 1941 460 1988 aiis
474 1942 568 1989 testibus
584 1941 673 2004 integra
689 1942 798 1990 reservari

125 2003 204 2062 velim,
221 2005 296 2052 multa
310 2012 396 2061 autern,
413 2013 505 2068 propter
519 2005 631 2054 rationem
644 2006 762 2054 brevitatis
772 2021 798 2054 se

124 2068 242 2179 temporis,
259 2069 453 2131 praetermittenda
464 2069 599 2117 existimem.
617 2071 717 2118 Fatebor
728 2072 797 2120 etiam

125 2130 168 2179 illu
199 2132 292 2191 invitus,
309 2148 348 2180 me
364 2148 463 2195 prorsus,
481 2149 535 2181 oum
550 2133 593 2182 iste
609 2143 723 2198 punctum
740 2144 798 2183 tem-

125 2195 188 2257 poris
204 2197 297 2244 nullum
314 2211 414 2246 vacuum
429 2205 521 2260 peceato
537 2199 651 2260 praeterire
665 2214 746 2261 passus
761 2200 798 2259 sit,

125 2260 212 2317 omnia,
229 2276 282 2323 quae
301 2264 331 2309 ab
349 2262 393 2310 isto
412 2261 533 2310 oommissa
552 2271 614 2322 sunt,
631 2276 678 2310 non
697 2265 809 2326 potuisse*

126 2337 266 2384 cognoscere.
290 2325 437 2389 Quapropter
447 2327 480 2375 ita
489 2342 527 2375 me
538 2327 567 2374 de
576 2336 682 2391 praeturae
696 2328 799 2376 crimini-

126 2387 171 2434 bus
181 2385 292 2447 auditote,
309 2397 336 2434 ut
347 2405 376 2436 ex
387 2399 485 2455 utroque
495 2407 586 2454 genere,
598 2402 622 2440 et
630 2393 688 2453 juris
699 2392 798 2452 dicendi,

125 2456 150 2495 et
168 2455 280 2521 sartorpm
300 2459 410 2500 tectorum
430 2455 604 2518 exigendomm,
625 2472 651 2504 ea
669 2457 798 2519 postuletis,

125 2525 291 2622 ffimmme
304 2515 375 2578 digna
389 2518 435 2564 sint
449 2534 476 2566 eo
491 2535 537 2578 reo,
551 2521 589 2568 cui
599 2535 698 2583 parvum
712 2537 739 2569 ac
750 2537 799 2569 me·

188 2575 279 2648 eobjici
289 2578 347 2625 nihil
362 2589 470 2642 oporteat.
496 2583 570 2642 Nam,
586 2593 614 2632 ut
627 2593 711 2646 praetor
725 2586 801 2634 faetus

125 2645 169 2696 est,
186 2651 228 2699 qur
244 2641 359 2703 auspicato
376 2660 390 2690 a
407 2645 533 2694 Chelidone
552 2648 693 2707 surrexisset,
714 2659 800 2698 sortem

124 2709 206 2748 naonis
216 2709 250 2750 est
260 2707 353 2752 urbanae
367 2709 498 2770 provincia,
515 2712 589 2774 magis
600 2728 632 2768 eu¹
642 2712 685 2760 sub
699 2720 723 2761 et
738 2714 808 2762 Che·-
