1820 2958
154 148 160 156 ‘
251 159 304 210 nu
320 156 467 210 vunnnn
485 156 535 208 111.
553 157 653 208 cino
733 159 789 217 un

107 287 177 348 sisini
191 285 379 352 fruauosumque
394 289 544 353 provinciam,
561 303 608 353 qno
618 287 692 336 'focile
704 301 786 336 meur-

110 361 178 407 ssnt,
189 355 231 401 ubi
239 353 337 400 libenter
344 354 462 416 negotium
469 361 550 416 gerant
558 369 566 408 ς
584 367 641 416 quos
649 353 690 399 ills
699 351 785 415 purtim

119 417 236 466 mercibus
251 417 421 480 suppeditandis
435 432 489 464 cum
503 425 592 480 questu
607 415 787 480 compendioque

110 481 224 538 dimittit,
235 481 319 545 partim
329 481 418 546 retinet,
430 489 457 528 ut
469 497 540 540 mare,
549 489 683 544 utpuscere
694 488 722 528 ut
731 495 788 543 neg·
800 475 808 486 '

110 545 188 594 ‚oneri
204 545 290 602 libest3
308 553 335 593 ut
345 545 444 609 denique
455 545 517 592 sedes
527 561 554 592 oc
564 544 706 594 domicilium
717 544 787 593 collo·

117 625 185 658 cares
203 609 266 674 quod
272 609 419 657 commodum
426 624 472 656 non
479 609 591 657 mediocre
597 609 677 672 populi
684 608 787 656 Romani

110 683 169 729 ests
193 683 284 722 tontum
303 673 389 721 civium
407 675 566 722 Romanorum
584 675 716 732 numerum,
736 685 786 720 tom

107 737 640 866 ·.lz⁰l²tllllnlt„lt¹iit“l⁰sssn
646 735 786 865 ‘illidit

1 919 9 930 ι
109 867 185 920 ¹moni
195 875 249 914 sunt
258 866 378 928 vectigalis
386 874 462 913 nostra
472 874 541 928 etque
551 866 696 940 prusinum·
703 880 786 929 quem·

109 930 246 978 admodum
256 930 390 994 propinquis
398 945 438 977 vos
446 929 524 978 vestris
534 929 626 992 praedus
634 945 736 977 maxime
745 929 786 978 de·

110 995 243 1054 „lectnmini
255 995 287 1042 sic
297 995 383 1058 populo
394 995 500 1042 Romano
512 993 616 1055 jucunda
626 993 786 1044 suburbanitas

117 1069 154 1108 est
163 1060 259 1120 hujusce
269 1059 397 1122 provinciis.

151 1123 208 1172 Jem
219 1137 272 1172 vero
286 1123 408 1170 hominum
422 1121 533 1186 ipsorum,
545 1121 642 1182 judices,
656 1137 683 1169 eo
696 1120 786 1184 patien-

113 1188 162 1245 tia,
173 1188 253 1247 virtus,
264 1187 431 1250 frugalitasque
441 1195 482 1244 est,
494 1196 521 1233 ut
530 1187 635 1249 proxime
645 1185 675 1232 sd
685 1193 786 1232 nostrum

111 1251 264 1314 disciplinam
275 1251 340 1298 illam
350 1259 458 1309 veterem,
473 1265 520 1296 non
535 1249 565 1296 sd
578 1250 646 1307 hanc,
658 1264 710 1311 qun
723 1263 786 1296 nunc

115 1316 239 1374 increbuit,
248 1314 484 1364 videonmrsuoedere
498 1313 566 1360 Nihil
573 1322 704 1360 caeterorum
711 1311 787 1360 simile

111 1381 266 1428 ,Graeoorumt
278 1378 444 1436 nullsdesidis,
451 1378 516 1424 nullo
521 1377 629 1434 luxurio3
639 1385 718 1424 contre
723 1391 787 1422 sum·

114 1460 172 1493 mus
182 1445 248 1493 labor
256 1444 281 1492 in
292 1443 389 1507 publicis
399 1442 538 1506 privatisque
546 1443 621 1500 rebus,
631 1455 722 1488 summo
732 1456 786 1503 por·

111 1508 226 1566 simonis,
235 1523 327 1556 summo
334 1506 458 1570 diligentis.
470 1505 508 1554 Sic
515 1515 675 1581 porronostros
680 1505 785 1553 homines

116 1573 299 1636 diligunbuthis
313 1572 365 1619 solis
375 1585 450 1634 neque
457 1569 593 1634 publicanus
603 1569 786 1632 nequencgotis·

113 1647 155 1692 tor
165 1637 217 1684 odio
225 1636 261 1684 sit.
279 1635 459 1698 Megisnotuum
467 1643 545 1682 sutem
553 1642 682 1682 nostrorum
689 1633 786 1695 injurios

117 1701 152 1750 itu
162 1702 290 1749 multorum
301 1699 410 1758 tulerunt,
426 1707 453 1748 ut
463 1713 592 1762 uunquam,
607 1706 660 1746 unte
673 1697 717 1744 hoe
727 1705 786 1744 tem·

114 1781 171 1830 pus,
183 1765 213 1813 sd
224 1779 288 1813 amm
295 1765 383 1826 legum,
391 1762 568 1836 presidiumque
575 1770 684 1820 vestrum,
692 1759 786 1824 publico

114 1830 212 1878 consilio
223 1827 381 1891 confugerint:
399 1825 522 1886 tametsiet
531 1826 598 1873 illum
609 1840 697 1874 sunum
707 1833 786 1888 pertu-

113 1895 200 1951 lerant,
226 1893 251 1940 ui
262 1893 293 1940 sic
301 1907 339 1939 eos
347 1890 467 1948 afflixerat,
474 1899 501 1937 ut
511 1889 568 1938 salvi
575 1905 622 1937 esse
630 1904 677 1936 non
684 1893 785 1952 possent,

114 1959 164 2006 nisi
174 1959 202 2007 C.
249 1956 344 2005 moellus
354 1955 420 2019 quusi
434 1955 512 2018 aliquo
526 1953 574 2001 foto
590 1953 694 2010 venisset,
709 1950 786 2000 uthis

114 2039 149 2071 ex
171 2021 251 2070 eidem
272 2019 362 2068 temnit
380 2019 441 2066 solus
460 2017 543 2066 Sicilie
561 2017 742 2074 constituerem,
762 2021 786 2062 et

118 2096 199 2152 postes
209 2085 247 2132 M.
263 2083 362 2132 Antonii
372 2082 488 2130 infinitum
503 2081 562 2129 illud
576 2079 699 2143 imperium
710 2093 786 2126 sense·

112 2159 179 2200 nont.
203 2150 242 2198 Sic
252 2165 266 2197 o
276 2147 402 2210 maJoribus
412 2147 459 2194 suis
473 2153 613 2208 acceperant,
628 2151 692 2190 tento
705 2141 786 2206 populi

113 2214 223 2264 Romam
234 2213 259 2260 in
274 2213 363 2262 Siculos
373 2227 420 2259 esse
433 2209 550 2269 beneficio,
566 2217 593 2256 ut
607 2208 676 2256 etism
690 2206 786 2268 injuriet

119 2288 251 2327 nostrornm
261 2277 383 2328 hominum
394 2273 537 2338 perferendus
546 2280 660 2336 putarent.
676 2271 707 2319 In
715 2271 789 2318 nemi·

113 2359 175 2392 ‚nem
185 2342 295 2400 eivintes,
308 2349 360 2388 ante
370 2341 441 2398 hunc,
453 2337 608 2386 testimonium
621 2335 712 2400 publice
722 2336 788 2383 dixe.

116 2417 182 2456 runt.
207 2407 280 2454 Hunc
290 2405 389 2467 denique
403 2405 479 2466 ipsum
490 2402 643 2476 pertulissent,
655 2400 788 2448 sihumsno

118 2473 199 2530 modo,
211 2470 231 2518 si
241 2470 325 2518 usitato
335 2484 406 2525 more,
418 2467 437 2514 si
448 2467 547 2528 demque
559 2479 606 2513 uno
620 2465 698 2528 aliquo
708 2464 733 2511 in
747 2479 787 2527 ge.

113 2551 181 2594 nere‚
192 2534 311 2598 peccisset
328 2531 382 2591 Sed,
390 2546 444 2580 cum
453 2531 550 2594 perferre
560 2544 606 2577 non
614 2537 705 2593 possent
714 2529 787 2576 luxu-

115 2601 184 2659 piem‚
196 2597 362 2656 notensem,
373 2594 657 2658 sumnumsuperbiem
674 2607 786 2640 cumom-

115 2663 156 2712 nis
167 2679 210 2711 sus
220 2661 348 2718 commodo,
358 2661 419 2723 juro,
432 2658 541 2709 beneficio
555 2661 645 2708 senatis
659 2656 785 2720 populique

152 2729 245 2788 (Orat.)
257 2737 320 2776 von.
333 2739 352 2773 1.
574 2735 591 2769 u
