1828 2966
241 151 302 204 ,IN
317 150 636 206 manumittunt
735 157 782 216 rot
813 233 816 240 .

1 271 13 282 ⁵
112 278 139 331 id
149 282 278 344 consssium,
291 285 388 344 (metuo,
399 299 429 333 ne
439 284 497 348 quid
505 287 647 349 arrogantius
655 285 717 350 opud
725 287 783 335 tales

111 347 172 396 viros
183 348 260 396 uidear
270 349 353 408 dicere)
364 364 394 397 ne
404 359 466 397 sotor
481 349 575 414 quidem
589 360 625 398 est
638 351 666 410 is,
678 351 715 398 cui
729 367 782 400 rena

110 419 160 460 tsm
175 426 266 472 nocens,
284 421 332 460 tam
349 414 459 476 perditus,
475 423 524 461 tam
538 415 620 475 victua,
637 423 678 462 aut
694 416 782 464 occulte

109 476 203 540 surripi,
215 486 256 524 aut
269 477 366 541 impune
379 479 444 542 eripi,
460 479 539 542 possit.
556 479 602 528 liis
612 495 655 542 ego
664 479 782 540 judicibus

110 553 158 588 non
173 543 284 651 probabo,
300 541 328 589 Ο.
342 541 440 590 Verrem
455 551 534 590 sonna
547 543 609 606 leges
622 545 730 607 pecunias
745 559 782 592 ce-

108 604 170 669 pisse
204 606 349 653 sustinebunt
363 608 419 654 tales
433 607 485 664 viri,
500 621 524 654 se
537 615 572 655 tot
586 609 735 666 senatoribus,
747 616 781 656 tot

108 670 227 733 equitibus
244 671 365 730 Romanis,
383 679 418 718 tot
437 671 574 731 civitatibus,
595 681 629 721 tot
646 673 781 721 hominibus

107 733 273 782 honestissimis
280 749 309 781 ax
317 744 366 782 tam
375 735 460 782 illustri
467 737 592 799 provincii,
599 747 634 785 tot
640 738 780 801 populorum

106 798 250 862 privatorum
268 814 297 845 ue
307 798 387 857 literis,
398 814 445 846 non
462 799 602 849 credidisse?
618 810 688 849 tonte
698 801 780 866 populi
828 839 830 846 .

107 862 212 911 Romani
230 815 344 911 adiuntati
360 863 484 912 restitisse?
507 864 646 913 Sustineant.
670 865 780 928 Reperie·

107 941 171 986 mus,
187 927 208 973 si
221 927 293 974 istum
308 927 388 974 vivum
403 927 432 974 ad
448 929 512 976 aliud
526 929 640 990 judicium
656 930 781 993 perducere

106 991 243 1056 poterimus,
255 991 339 1054 quibus
350 993 481 1054 probemus,
493 993 565 1040 istum
575 993 599 1040 in
627 992 726 1041 uaesturi
738 1011 780 1058 pe-

106 1055 201 1104 cuniam
212 1056 339 1119 publicam,
351 1055 395 1103 Gn.
405 1057 506 1106 Carboni
517 1059 605 1105 consuli
645 1067 702 1118 tam,
714 1075 779 1106 aver·

106 1120 176 1168 tissa:
194 1120 279 1183 quibus
288 1120 475 1184 persusdeamus,
486 1122 557 1169 istum
572 1122 646 1169 alieno
660 1123 754 1170 nomina
764 1139 779 1170 a

107 1184 262 1249 questoribus
275 1184 378 1242 urbanis,
390 1185 453 1247 quod
468 1186 543 1248 priore
557 1185 645 1233 actione
659 1185 778 1244 didicistis,

105 1248 230 1314 pecuniam
241 1248 366 1296 abstulisse.
383 1249 469 1309 Erunt,
481 1249 522 1312 qui
533 1257 556 1296 et
566 1249 590 1296 in
599 1265 625 1296 eo
633 1265 726 1314 quoque
736 1263 779 1296 ou-

107 1313 199 1361 dsciam
214 1302 265 1373 ejus'
276 1311 450 1375 reprehendunt,
467 1313 529 1376 quod
543 1313 632 1388 aliquot
646 1313 779 1362 nominibus

108 1378 139 1426 de
149 1377 232 1440 eapite,
244 1385 358 1440 quantum
369 1377 517 1425 commodum
528 1377 605 1437 fuerit,
617 1378 727 1426 frumenti
738 1377 778 1426 de-

107 1441 202 1491 cumani
212 1441 342 1488 detraxerit.
359 1439 437 1488 Erunt
444 1441 513 1490 etiam
521 1441 623 1500 fortusse,
630 1442 726 1503 judices,
736 1442 777 1506 qui

107 1507 178 1555 illum
189 1508 239 1568 eJus
248 1506 381 1569 peculatum
392 1505 428 1554 vel
440 1507 548 1554 acerrime
558 1506 721 1555 vindicandum
732 1524 777 1571 pu·

107 1579 166 1629 tent,
185 1570 248 1634 quod
266 1570 310 1618 iste
324 1569 362 1617 Μ.
380 1569 487 1618 Marcelli
501 1580 524 1619 et
537 1572 565 1619 P.
580 1571 687 1619 Africani
701 1573 778 1620 moni-

106 1643 196 1695 mento,
207 1650 269 1698 quse,
277 1633 379 1691 nomine,
388 1634 490 1694 illorum,
498 1635 592 1696 reveri,
599 1636 680 1710 populi
688 1637 778 1684 Roma.

107 1699 142 1760 ni,
154 1708 178 1748 et
191 1707 257 1747 erant
271 1707 294 1746 et
307 1699 460 1759 habebantur,
476 1715 505 1746 ex
519 1699 578 1747 funis
592 1700 775 1763 religiosissimis,

2 1773 13 1784 ¹
106 1779 137 1814 ex
147 1764 244 1811 urbibus
254 1763 367 1811 socionnn
377 1771 447 1827 atque
457 1763 591 1819 amisorum,
598 1779 645 1812 non
655 1764 776 1814 dubitave-

104 1829 137 1878 rit
147 1829 243 1876 auferre.

139 1891 171 1941 V.
189 1892 316 1940 Emeraerit
326 1907 355 1940 ex
369 1893 486 1958 peculatus
501 1894 570 1941 etiam
582 1893 684 1956 judicior
702 1893 776 1941 medi·

106 1963 169 2006 tetur
179 1956 209 2005 de
223 1957 320 2004 ducibus
329 1957 439 2015 hostium,
449 1973 506 2021 quos
517 1958 607 2022 accepti
614 1956 711 2022 peeunii
718 1957 777 2005 libe-

106 2022 181 2070 ravits
199 2021 283 2080 videat,
295 2020 352 2083 quid
366 2022 396 2069 de
407 2022 453 2068 illis
466 2022 609 2085 respondeat,
624 2037 690 2086 quos,
702 2022 727 2068 in
738 2037 775 2069 eo·

105 2101 160 2135 rum
171 2086 249 2132 locum
260 2085 370 2144 subditos,
384 2086 448 2133 dorni
462 2101 510 2133 sun
524 2087 652 2135 reserant
669 2087 775 2145 Quaerat,

104 2165 152 2198 non
169 2150 254 2209 solum,
271 2149 468 2212 quemadmodum
485 2159 561 2198 nostro
578 2151 677 2209 crimini,
694 2165 775 2197 verum

104 2215 176 2263 οίίιω
184 2229 232 2277 qno
241 2223 308 2278 pacto
319 2230 366 2261 suoe
376 2214 518 2274 confessioni,
529 2215 601 2278 possit
610 2214 703 2263 mederi.
720 2213 776 2262 Me-

103 2278 206 2337 miserit,
219 2293 251 2337 se,
266 2277 341 2354 priore²
355 2279 450 2337 actione,
467 2279 565 2326 clamore
578 2280 660 2344 populi
672 2279 775 2327 Romani

2 2335 11 2349 '
101 2343 218 2392 infestoat
234 2343 775 2403 uermmrcoexcitatnm,ooniessumesse,duces

101 2423 153 2456 ase
167 2422 195 2470 pr
232 2421 303 2454 onum
320 2407 456 2455 securi·non
474 2423 521 2462 esse
537 2423 668 2472 permssos3
686 2409 774 2469 sejam

102 2481 156 2520 tum
167 2487 216 2520 esse
226 2471 333 2531 veritum,
345 2486 374 2520 ne
384 2471 428 2520 sibi
443 2472 533 2520 cnmini
547 2471 648 2532 daretur,
661 2488 698 2521 eos
709 2475 739 2520 ab
750 2488 774 2520 se

101 2535 201 2602 ponunii
218 2535 332 2584 liberatos.
354 2536 473 2595 Fateatur,
491 2536 534 2594 (id,
553 2537 615 2600 quod
631 2537 710 2600 negari
726 2551 773 2583 non
849 2577 852 2588 ,

101 2609 187 2665 potest)
199 2615 231 2659 se,
242 2600 358 2663 privatum
369 2601 497 2660 hominem,
514 2600 647 2663 predonum
659 2601 727 2648 duces
738 2600 773 2646 vi·

100 2673 227 2790 vopootrtppe)
233 2664 361 2778 ippollurpes
370 2665 435 2715 domi
445 2681 502 2727 auae,
512 2673 662 2778 postpaquam
671 2665 774 2712 Romam
