1824 2956
236 139 278 211 iN'
294 143 506 212 mnndum.
524 147 639 220 esaei.
726 153 775 214 'ere

5 300 8 332 1
106 266 171 339 iiern.
188 271 324 354 Gognusdie
340 305 411 352 nunc,
428 291 511 364 quanti
529 307 553 340 se
570 279 702 342 vendidisse
718 279 780 342 retu'-

5 367 8 396 ι
109 355 222 408 ierit*

110 433 113 442 ¹
190 421 253 472 (Lea
264 421 364 467 decumis
373 419 505 479 vendendis,
525 421 552 468 C.
570 421 642 477 Verre
648 431 699 484 pr.)

5 515 7 524 .
142 484 196 532 Hoc
212 485 305 544 nomine
318 484 399 532 videtis
413 485 482 532 tritici
494 485 598 533 modiim
614 500 658 533 cm
676 501 720 537 clo
734 501 778 536 cm

5 561 7 590 t
108 547 140 612 de
157 547 231 610 eapite
246 563 293 596 esse
307 547 392 606 demta,
407 565 460 612 quse
472 564 526 596 cum
537 548 566 596 de'
582 549 663 613 populi
678 551 780 599 Romani

108 613 182 670 'riutu,
194 612 222 658 de
233 610 379 674 veetigulium
390 613 472 672 nervis,
484 613 512 660 de
527 614 637 676 sunguine
648 613 781 664 detraxisset

5 689 7 718 :
109 677 192 736 erarii,
204 675 290 724 Tertiae
304 677 383 723 mimae
398 675 540 724 condonavit
557 677 643 725 Utrum
659 679 781 742 impuden-

5 759 6 784 ι
108 741 156 788 tius
167 756 181 787 a
192 740 257 788 sociis
267 739 379 788 abstulit?
395 756 425 787 an
434 741 523 804 turpius
531 743 642 789 meretrici
652 742 733 791 dedit?
750 757 780 790 an

108 803 238 866 improbius
251 805 339 868 populo
350 805 457 852 Romano
467 803 570 852 ademit?
587 821 616 852 un
627 806 734 854 audacius
745 815 780 854 ta·

109 869 179 916 bulas
198 869 302 931 publicas
319 869 487 916 commutavit?
503 870 543 917 Ex
560 870 644 917 hunum
663 872 781 919 severitate

5 949 8 980 ι
109 939 135 980 te
145 933 195 992 ulla
206 932 248 991 vis,
259 942 300 980 aut
311 934 359 980 ulla
369 933 469 996 largitio,
481 934 579 997 eripiet?
596 935 650 994 Sed,
663 935 682 982 si
692 935 781 999 eripue-

5 1017 8 1044 ε
111 997 150 1055 rit,
170 1011 216 1043 non
234 997 351 1059 intelligis,
364 997 422 1055 haee,
434 1014 486 1060 que
494 998 634 1058 jamdudum
648 1000 738 1062 loquor,
750 999 781 1047 ed

5 1129 7 1134 Ι
109 1060 182 1108 aliam
194 1061 343 1124 questionem
354 1070 423 1125 atque
436 1061 465 1108 ad
475 1063 593 1124 pecularis
604 1063 719 1122 judicium
729 1080 782 1126 per·

5 1153 8 1174 ι
110 1125 201 1172 tinere?
219 1125 302 1188 Itaque
317 1125 361 1174 hoe
377 1125 436 1172 mihi
449 1127 568 1173 reservabo
580 1141 653 1188 genus
665 1127 781 1190 integmm

110 1196 187 1236 totum
197 1206 204 1236 z
221 1189 250 1236 ad
260 1189 334 1250 illam,
345 1205 417 1253 quum
424 1189 521 1250 institui,
533 1202 625 1237 eausam
633 1189 744 1238 frumenti
754 1203 781 1238 ee

110 1251 263 1300 decumarum
274 1262 380 1301 revertar.
407 1267 409 1274 ’

145 1316 196 1375 Qui
206 1329 259 1365 cum
270 1330 336 1380 agros
346 1317 461 1366 maximos
469 1333 495 1365 ae
506 1315 663 1376 feracissimos,
671 1333 712 1381 per
722 1318 782 1382 seipa

111 1395 175 1440 eum,
193 1381 237 1428 hoe
248 1381 293 1440 est,¹
320 1398 344 1430 er
360 1381 502 1445 Apronium,
513 1381 610 1428 Verrem
621 1383 728 1443 alterum,
742 1383 781 1430 de·

111 1446 276 1510 popularetur;
288 1398 423 1494 uiminores
429 1445 530 1493 civitates
536 1445 635 1494 habebat
642 1447 706 1507 aiios,
714 1463 780 1511 quos,

113 1513 235 1572 tamquam
245 1524 320 1570 eanes,
331 1510 473 1569 immitteret,
482 1525 582 1573 nequam
593 1511 697 1559 homines
708 1522 730 1560 et
737 1513 782 1558 im·

111 1575 211 1636 probos3
229 1574 313 1638 quibus
330 1583 371 1622 aut
386 1575 529 1622 frumentum
544 1584 584 1622 aut
600 1575 722 1638 pecuniam
738 1593 783 1640 pu·

111 1637 208 1685 bliceeo
225 1639 277 1684 ebat
287 1637 343 1686 deri
529 1645 531 1652 ’

146 1701 196 1748 XX
223 1698 282 1750 VII.
299 1703 332 1749 A.
344 1699 465 1751 Valentius
477 1711 518 1762 est,
529 1703 554 1750 in
567 1703 645 1752 sicilia
654 1704 781 1766 interpresg

114 1780 162 1830 quo
178 1766 220 1812 iste
230 1766 352 1830 interprete
364 1781 410 1814 non
422 1765 452 1814 ad
462 1767 566 1830 linguam
578 1767 691 1826 Graecam,
701 1768 740 1814 sed
751 1767 781 1814 ad

113 1831 177 1877 furta
187 1838 210 1876 et
220 1829 315 1892 flagitia,
327 1831 362 1877 uti
373 1831 465 1878 solebat.
483 1830 522 1878 Fit
532 1831 641 1893 interpres
655 1831 701 1887 hic,
712 1831 783 1878 homo

112 1893 169 1941 levis
188 1903 257 1957 atque
277 1905 353 1956 egens,
371 1903 463 1956 repente
477 1891 627 1942 decimanus
648 1893 781 1956 Emit‘irgri

114 1957 255 2020 Liparensis,
266 1959 344 2006 miseri
354 1967 423 2022 atque
439 1958 521 2019 jejuni,
534 1959 640 2006 decumas
655 1958 723 2004 tritici
733 1972 782 2004 me·

114 2021 201 2069 dimnis
212 2019 265 2069 Dc.
282 2021 418 2086 Liparenses
431 2030 554 2088 vocantur:
572 2021 616 2086 ipsi
629 2022 729 2084 accipere
744 2021 784 2068 de-

113 2093 385 2198 egxmgfflupnerssm
402 2085 644 2198 Valentripdeopuptur
660 2085 720 2196 hiperi
739 2085 783 2132 HS

313 2165 337 2198 er
368 2165 483 2198 eosrmmo
528 2165 563 2196 es.
574 2167 590 2196 u
601 2165 653 2196 mm
692 2163 785 2197 reumes

114 2214 146 2262 ad
157 2214 330 2263 defensionem?
346 2223 440 2266 tantone
450 2214 545 2261 minoris
555 2223 578 2262 te
587 2214 695 2261 decumas
705 2213 785 2260 vendis·

115 2279 184 2338 disse,
199 2287 227 2325 ut
243 2279 272 2326 ed
286 2279 403 2326 medimna
419 2277 473 2338 DC,
490 2278 532 2327 HS
547 2277 623 2326 XXX
640 2277 714 2324 millis
727 2277 786 2324 lueri

113 2343 195 2390 statim
206 2343 249 2390 sui
263 2343 380 2391 voluntate
394 2342 472 2390 civitas
487 2342 587 2403 adderet,
602 2343 645 2389 hoe
660 2350 701 2399 est,
717 2341 786 2389 tritici

115 2407 262 2454 medimnum
278 2407 324 2454 duo
340 2405 432 2455 millia?
456 2423 494 2466 an,
512 2422 565 2454 cum
579 2420 664 2469 magno
679 2406 786 2454 deemnaa

115 2471 292 2530 vendidisses,te
300 2471 433 2536 expressisse
438 2472 466 2519 ab
475 2471 552 2519 invitis
559 2470 721 2534 Liparensibus
728 2471 788 2518 hane

116 2535 262 2600 pecuniam?
772 2575 774 2580 .

118 2610 122 2626 ³
148 2599 196 2648 Sed
210 2600 269 2664 quid
284 2615 326 2664 ego
342 2599 371 2648 e'x
386 2607 409 2648 te
423 2615 509 2664 quero,
525 2597 582 2664 quid
596 2597 736 2648 defensums'
747 2597 787 2656 sis,

114 2664 195 2728 potius
205 2679 277 2728 quum
289 2673 423 2728 eogneseam
431 2677 459 2714 ex
465 2661 517 2729 ipsi
524 2664 623 2725 civitate,
631 2663 687 2727 quid
697 2669 789 2726 gestum
