1824 2968
183 141 254 193 PRO
268 141 393 194 ROSCIO
409 141 585 192 AMERINO.
602 143 665 192 Gan.
679 139 716 186 ll.
749 138 782 186 tu

116 271 256 336 supplicium
267 272 320 320 sctis
334 286 385 320 aere
398 272 555 335 reperietffln
566 285 620 320 eum
631 273 672 336 qui
685 283 783 326 mortem

115 333 225 384 obtulerit
239 336 336 399 parenti,
347 351 389 399 pro
400 351 446 399 quo
456 336 515 383 mori
524 337 610 399 ipsum,
622 337 641 383 ei
656 352 691 386 ree
705 349 784 402 pontu.

115 401 183 459 leret,
196 402 251 461 jura
260 401 339 448 divina
348 409 418 462 etque
431 400 533 446 humana
544 403 674 462 cogebant?
699 403 728 450 In
739 404 782 453 hoc

115 471 190 522 ianm,
201 473 249 512 tam
260 464 338 523 aucei,
350 473 398 511 tam
414 463 523 525 singulari
533 464 652 530 maleficio,
668 467 740 528 (quod
750 467 783 516 ita

115 543 168 576 raro
181 529 275 586 nstitit,
291 537 325 587 nt,
337 528 358 574 si
371 527 463 590 quando
477 527 582 575 auditum
595 529 632 585 sit,
643 531 742 591 portenti
756 548 783 580 ac

132 591 214 654 rodigii
232 591 307 639 nmile
326 600 470 649 numeretur)
488 591 571 654 quibus
590 593 682 639 tandem
699 603 730 654 te,
753 596 781 643 C.

114 607 196 712 inum
208 655 348 717 argumentis
358 664 510 704 accusatorem
525 671 599 704 censes
615 657 650 703 uti
660 660 781 720 oportere?
842 665 845 672 ’

116 719 203 767 Nonne
213 728 236 766 et
246 719 365 766 audaciam
375 720 432 779 ejus,
444 719 485 782 qui
494 719 519 765 in
527 718 612 767 crimen
623 731 721 780 vocetur,
733 723 780 770 sin.

117 781 224 846 gulnrem
239 781 371 839 ostendere3
395 795 417 829 et
434 797 509 830 mores
530 783 588 831 seros
608 785 780 851 immanemque

117 855 235 903 ramum,
254 853 276 891 et
291 845 361 892 vitam
376 845 436 894 vitiis
448 846 584 910 flagitiisque
597 849 702 898 omnibus
715 851 779 898 dedi-

118 917 178 968 mm,
189 916 213 955 et
225 909 322 971 denque
335 910 411 958 omnia
426 911 455 957 ad
470 911 592 972 perniciem
610 913 729 976 profligata
744 925 779 962 at·

119 985 166 1036 qne
179 971 284 1048 perdia?
300 989 397 1036 quorum
407 983 434 1021 tu
447 975 506 1022 nihil
520 975 544 1022 in
556 976 608 1023 Sex.
621 977 739 1037 Roscium,
748 994 778 1028 ne

118 1036 236 1098 abjiciendi
243 1035 335 1100 quidem
345 1039 421 1096 causi,
433 1039 554 1086 contulisti.

148 1099 219 1149 XIV.
235 1101 327 1148 Patrem
337 1102 418 1150 occidit
426 1103 478 1150 Sex.
488 1103 602 1152 Roscius?
627 1105 675 1164 Qui
685 1106 775 1156 homo?

114 1163 303 1222 Adulescentulus
313 1176 440 1229 corruptus,
453 1175 477 1214 et
489 1169 518 1214 ab
533 1167 664 1220 hominibus
678 1185 777 1232 nequam

113 1229 239 1278 inductus?
259 1229 342 1276 Annos
358 1239 425 1278 natus
440 1231 514 1292 magis
529 1232 685 1305 quadraginta.
703 1233 777 1281 Vetus

112 1293 215 1342 videlieet
229 1293 331 1351 moedus,
341 1293 411 1341 homo
420 1295 505 1352 sudas,
517 1304 540 1342 et
550 1311 610 1358 saepe
620 1311 644 1342 1n
655 1297 715 1344 crede
726 1313 776 1344 ver.

110 1360 192 1406 satus?
210 1358 253 1418 ‚At
265 1357 309 1404 hoc
319 1359 348 1404 ab
359 1367 486 1406 accusatore
499 1374 529 1406 ne
539 1357 584 1406 dici
595 1360 688 1422 quidem
698 1361 776 1409 audis·

110 1423 146 1472 tis.
174 1421 290 1470 Luxuries
311 1421 380 1484 igitur
399 1423 524 1482 hominem,
547 1422 665 1484 nimirum,
684 1433 706 1473 et
725 1426 774 1474 oris

109 1487 178 1536 alieni
191 1485 336 1550 magnitudo,
349 1495 371 1534 et
379 1486 498 1534 indomitoe
508 1487 580 1534 animi
588 1489 728 1551 cupiditates,
744 1491 774 1538 ed

108 1551 152 1599 hoc
162 1551 235 1599 scelus
244 1551 403 1613 impulerunt?
431 1549 469 1598 De
483 1551 576 1598 luxuriis
591 1555 698 1616 purgavit
711 1553 774 1601 Eru-

108 1615 165 1674 cius,
182 1631 236 1663 cum
252 1615 319 1674 dixit,
333 1614 395 1662 hunc
411 1629 441 1662 ne
457 1615 482 1661 in
499 1615 602 1664 convivio
616 1618 709 1680 quidem
725 1619 774 1666 ullo

107 1680 156 1728 fere
165 1679 300 1726 interfuisse.
317 1678 385 1726 Nihil
396 1686 473 1726 autem
484 1694 588 1743 unquam
599 1681 683 1728 debuit
701 1682 773 1746 Cupi-

107 1743 189 1791 ditates
196 1759 264 1806 porro
272 1759 325 1807 qute
332 1752 427 1805 possunt
437 1759 484 1790 esse
494 1743 518 1789 in
530 1759 564 1802 eo,
576 1745 617 1806 qui
628 1749 664 1799 (ut
674 1746 723 1809 ipse
735 1763 774 1794 ec-

106 1816 197 1858 cusator
206 1807 299 1868 objecit)
314 1807 362 1854 ruri
373 1823 461 1870 semper
471 1807 588 1866 habiteris,
598 1817 620 1855 et
630 1809 654 1856 in
671 1825 725 1872 agro
735 1827 774 1858 co·

105 1871 174 1918 leudo
181 1871 285 1919 vixerit?
301 1887 354 1934 quse
364 1872 411 1919 vita
421 1871 523 1919 maxime
536 1872 650 1932 disjuncta
660 1890 675 1920 a
684 1875 773 1937 cupidi-

105 1944 161 1994 tate,
170 1944 196 1982 vet
206 1951 260 1983 cum
271 1935 345 1982 officio
355 1937 482 1996 conjuncta.

139 1999 200 2059 Quae
211 2015 246 2046 res
256 1999 327 2062 igitur
337 2007 428 2046 tantum
438 1999 509 2048 istum
517 2000 617 2048 furorem
626 2002 678 2050 Sex.
688 2003 772 2050 Roscio

105 2063 208 2126 objecit?
227 2063 299 2124 Patri,
310 2062 394 2126 inquit,
405 2079 452 2111 non
462 2065 573 2127 placebat.
590 2065 654 2116 Patri
664 2080 711 2112 non
721 2067 771 2129 pla-

104 2127 187 2177 cebat?
204 2127 284 2186 Quam
299 2129 328 2174 ob
343 2131 453 2176 causum?
471 2129 569 2176 Necesse
588 2137 621 2174 est
638 2129 770 2187 enimcum

104 2207 197 2256 quoque
212 2191 309 2252 justam,
324 2199 348 2238 et
362 2207 480 2256 magnam,
494 2202 518 2240 et
536 2192 678 2256 perspicuam
693 2193 769 2244 fuisse.

104 2257 178 2314 Nam,
189 2263 218 2304 ut
231 2255 290 2303 illud
301 2256 434 2305 incredibile
444 2265 486 2314 est,
498 2266 595 2304 mortem
612 2257 712 2306 oblatam
723 2275 770 2308 csse

104 2321 165 2384 patri
175 2336 189 2367 s
199 2319 248 2366 filio
259 2320 307 2368 sine
316 2320 422 2382 plurimis
433 2329 456 2367 ct
465 2321 572 2368 maximis
581 2321 652 2369 causis
660 2339 668 2380 ς
686 2322 716 2370 sic
726 2324 769 2372 hoc

105 2384 228 2433 verisimile
245 2398 292 2431 non
311 2392 353 2444 est,
371 2384 423 2432 odio
441 2384 510 2432 fuisse
527 2386 615 2448 parenti
631 2386 705 2435 lilium
721 2389 769 2436 sine

104 2447 303 2506 nudamultinet
312 2449 410 2510 magnis,
420 2450 584 2497 etnecaesariis
601 2450 692 2498 Rursus
698 2452 768 2513 igitsu

105 2512 186 2561 ecdem
201 2521 356 2567 revertamurt
373 2520 396 2559 et
410 2528 548 2575 queramus,
563 2531 616 2577 quae
634 2523 697 2562 touta
713 2515 769 2562 vius

104 2576 190 2624 fuerim
198 2575 224 2622 in
237 2575 305 2623 unico
319 2575 461 2640 filiosquare
471 2577 491 2624 is
502 2578 563 2640 patri
576 2577 708 2639 displiceret.
731 2577 768 2622 At

170 2639 175 2650 ”
206 2654 248 2697 um
258 2647 300 2698 est,
311 2639 401 2688 nullum
413 2640 489 2690 fecsse.
515 2641 583 2690 Peter
595 2641 765 2704 igitunamens,

135 2707 146 2759 t
183 2709 228 2765 et.)
239 2716 302 2752 voa.
315 2717 333 2750 r.
556 2716 572 2750 s
