1820 2958
126 132 175 196 oin
256 149 297 198 nt
312 127 460 199 monum
472 135 610 198 rison.
625 131 672 197 ss(

124 267 161 336 lit,¹
172 259 217 325 alia
225 279 334 342 rogando,
346 279 391 326 alia
403 277 524 343 poecendo‚
537 277 583 325 alia
593 274 721 333 sumendae
736 274 799 323 iere-
887 269 889 272 ’

75 397 78 406 ,
124 342 164 389 hat
180 343 296 403 Sthenius,
314 352 341 391 ut
357 351 459 406 potetate
477 343 614 406 tangebatur
630 349 708 389 tamen
723 339 796 387 animi

124 405 201 454 dolore
212 408 343 467 necessario,
355 408 417 471 quod
431 407 527 454 domum
541 409 599 468 ejus,
616 414 751 469 exornatam
761 413 796 451 at·

123 469 797 596 tthfflvhmtttl‘tllliiiffilttthtl‘

122 597 206 646 tiebat:
219 600 322 663 praetoris
328 599 422 660 injurias
429 600 504 656 tacite,
512 599 607 662 hospitis
615 597 712 661 placide,
721 597 801 644 ierem·

122 661 164 709 das
174 663 332 710 arbitrabatur.
350 663 441 710 Interea
449 663 573 726 cupiditate
580 662 623 710 iste
631 663 673 709 illi
681 659 723 708 suti
732 659 794 720 noti,

122 733 192 835 attpue
207 727 269 790 apud
279 743 358 775 omnes
375 727 519 790 pervulgatis,
535 743 588 774 cam
606 726 672 788 signa
686 725 794 788 quoedam

122 804 154 851 pu
164 790 277 837 cherrima
287 801 356 855 atque
367 792 526 855 antiquissima
538 791 647 839 Thernris
660 791 686 836 in
701 791 795 853 publico

122 853 196 915 posita
201 853 302 913 vidisset,
313 855 442 904 adamavitt
461 856 578 904 aSthenio
585 863 661 920 petere
672 855 748 916 coepit,
758 864 794 912 ut,

123 916 153 963 ad
161 932 187 965 ea
198 919 305 972 tollenda,
315 935 407 984 operam
415 935 482 967 suam
488 920 641 984 profiteretur,
649 933 719 981 solue
727 919 795 978 adJu-

123 989 193 1028 voret
210 983 319 1031 Sthenius
329 1000 382 1032 vero
397 999 443 1031 non
457 985 532 1032 solum
547 982 648 1047 afflavit,
667 982 707 1031 sed
724 983 795 1030 etiam

123 1046 229 1105 ostendit,
241 1047 265 1094 id
273 1047 323 1096 lieri
330 1049 395 1096 nullo
405 1048 475 1096 modo
485 1063 558 1112 posse,
571 1058 597 1096 ut
607 1047 674 1109 signa
681 1047 795 1110 antiquis·

123 1108 190 1169 tima,
208 1112 350 1161 monimenta
364 1113 390 1159 P.
402 1111 518 1170 Africani,
538 1128 568 1159 ex
586 1111 672 1175 oppido
683 1111 795 1158 'rhemi-

122 1181 237 1234 tenorum,
246 1177 403 1224 incolumiillt
411 1177 501 1224 civitate
507 1176 648 1240 imperioque
655 1175 738 1238 populi
745 1177 796 1223 lto-

122 1239 194 1297 mani,
204 1241 347 1294 tollerentur,

127 1321 130 1330 ¹
154 1301 262 1352 XXXV.
279 1305 373 1353 Etenim
382 1306 495 1360 (utsimul
502 1305 529 1352 P.
537 1305 741 1368 Africaniquoque
748 1303 793 1351 hu·

121 1367 256 1416 manitatem
264 1379 287 1417 et
295 1371 424 1433 aequitatem
431 1370 579 1433 cognoscatis)
587 1369 700 1433 oppidum
709 1369 792 1415 Hime-

121 1445 172 1478 ram
183 1432 381 1495 Carthaginienses
394 1435 512 1498 quondam
519 1443 632 1497 ceperant,
643 1433 707 1496 quod
717 1433 792 1480 iirerat

120 1494 144 1540 in
156 1495 236 1556 primis
247 1497 330 1544 Sicilie
340 1499 428 1545 clanim
439 1507 462 1546 et
472 1505 586 1546 ornatum.
604 1498 680 1560 Scipio
689 1497 741 1560 (qui
748 1497 794 1544 hoc

120 1557 218 1620 dignum
229 1561 314 1623 populo
326 1561 432 1609 Romano
442 1563 598 1622 arbitraretur,
608 1562 669 1609 bello
680 1562 790 1619 confecto,

121 1622 194 1669 socios
203 1638 245 1670 sua
255 1639 296 1687 per
307 1634 408 1674 nostram
424 1627 542 1674 victoriam
553 1636 694 1700 recuperaret
709 1625 794 1673 Siculis

119 1687 236 1746 omnibus,
248 1689 387 1752 Carthagine
397 1691 472 1754 capti,
488 1707 541 1754 quae
551 1700 634 1753 potuit,
653 1689 792 1738 restituenda

120 1751 215 1799 curant.
233 1752 331 1801 Himerio
341 1754 424 1812 deleti,
433 1771 491 1818 quos
502 1755 561 1802 cives
567 1755 622 1802 belli
629 1754 748 1802 edanthas
756 1770 791 1800 re-

119 1814 195 1878 liquos
205 1816 321 1877 ieceratii
332 1834 379 1866 sese
387 1818 496 1866 Thermis
502 1818 791 1879 mlloclrant,inejusdern

120 1880 170 1942 agri
180 1881 273 1940 finibus,
285 1897 360 1945 neque
370 1883 438 1945 longe
455 1885 484 1930 ab
500 1883 585 1947 oppido
595 1882 698 1946 antiquo.
721 1883 757 1929 Hi
767 1897 793 1930 se

119 1952 212 2008 patrum
224 1946 340 1994 fortunam
351 1963 377 1994 ac
393 1947 528 2010 dignitatem
542 1962 674 2011 recuperare
693 1946 791 1994 arbitra.

120 2009 213 2069 bantur,
224 2025 277 2058 cum
289 2011 329 2058 illa
343 2013 458 2072 majorum
473 2021 608 2060 ornamenta
621 2011 645 2058 in
657 2027 738 2058 eorum
749 2027 791 2074 op-

118 2073 174 2136 pido
185 2075 359 2123 collocabantur.
376 2076 451 2122 Erant
468 2075 533 2138 signa
547 2091 576 2123 ex
594 2091 638 2123 tere
653 2077 790 2139 compium

118 2137 142 2184 in
158 2139 202 2196 his,
214 2138 272 2186 miri
282 2139 460 2202 pulchritudine,
478 2139 528 2202 ipsa
539 2140 645 2198 Himera,
663 2140 688 2186 in
705 2141 791 2188 mulie-

117 2202 184 2250 brem
194 2203 293 2266 figuram
299 2204 451 2268 habitumque
460 2203 566 2263 t'onneta,
575 2219 604 2252 ex
611 2201 690 2268 oppidi
698 2205 792 2252 nomine

117 2266 255 2314 'etfluminis
272 2268 406 2316 Eratetiam
413 2268 614 2332 Stesichoripotz'te
620 2277 696 2316 statua
703 2269 789 2328 senilis,

117 2329 220 2387 incurva,
232 2345 285 2376 cum
292 2332 360 2391 libro,
371 2345 472 2391 summo,
480 2341 507 2379 ut
514 2341 607 2396 putant,
614 2333 789 2390 artificiofactat

117 2393 159 2454 qui
169 2392 215 2438 tuit
223 2392 334 2454 Himera,
346 2397 386 2444 sed
394 2405 417 2444 et
427 2407 460 2444 est
471 2405 493 2444 et
503 2396 549 2445 tuit
560 2398 608 2445 totis
619 2397 718 2455 Gradi,
726 2403 790 2444 suni·

116 2467 157 2502 mo
167 2463 260 2516 propter
267 2457 386 2520 ingenium
393 2461 480 2508 honore
490 2469 513 2508 et
523 2462 623 2510 nomine
641 2462 700 2508 Haec
710 2462 790 2509 istead

40 2555 44 2567 ,
115 2517 228 2564 insaniam
244 2524 393 2584 concupierat.
417 2525 497 2572 Etiam
512 2526 585 2589 (quod
599 2541 665 2590 paene
679 2527 789 2588 preaterii)

115 2581 203 2642 capella
213 2583 320 2645 quaedam
331 2596 373 2644 eat,
388 2603 416 2635 ea
426 2589 521 2651 quidem
532 2591 598 2650 mire,
616 2599 643 2638 ut
656 2589 726 2637 etiam
737 2605 787 2647 ποῦ,

116 2644 160 2706 qui
168 2644 235 2694 rudes
245 2646 328 2696 hanun
340 2665 416 2700 rcnuu
425 2668 515 2714 sumus,
528 2655 654 2718 intelligere
664 2655 790 2717 poesim&
