1824 2968
236 151 305 202 PRO
321 150 446 202 Roscio
462 149 636 202 AMERINO·
735 155 767 211 37

133 281 234 333 liberum
253 281 372 329 homiuem
390 280 474 336 nosset,
495 295 537 342 per
557 296 627 355 quem
649 283 766 346 negotium

135 346 282 409 transigeret:
300 359 375 392 servos
389 359 442 390 vero
456 343 532 406 ipsum
543 353 612 392 etrum
623 345 767 456 mapuestio·

134 426 188 458 nem
211 410 335 474 postulare,
357 423 419 464 cum,
442 407 459 453 ii
482 422 511 454 ne
534 408 625 468 (lentur,
678 413 768 460 versarii

134 489 273 538 magnopere
283 475 400 520 recusem
411 471 516 518 Secundo
525 472 583 531 lom,
594 473 627 521 itu
637 489 703 522 reum
713 492 769 538 pur.

134 547 184 602 gat,
204 537 315 585 ut‘etinm
329 536 354 582 in
369 535 399 582 T.
412 534 522 582 Roscium
537 537 669 598 quemdum,
685 554 769 602 eogno-

135 611 214 650 mento
224 602 350 664 Magnum,
362 600 447 646 crimen
458 599 566 658 conferat,
579 601 641 664 quod
651 611 674 650 et
683 613 769 653 veteres

134 677 159 714 et
169 666 277 729 capitales
286 663 416 710 inimicitias
425 679 479 710 oum
490 664 555 710 Sexti
563 673 627 728 petre
635 669 768 729 exercuerit,

35 750 38 754 ¹
135 740 160 778 et
178 730 262 776 Romu
279 736 331 774 tum
348 727 425 785 luerit,
442 742 496 774 cum
510 726 549 774 ille
563 729 648 778 uomens
662 730 767 782 dimturs

137 791 477 854 servus'praetereosioeriuset
546 791 551 801 '
591 794 653 853 rsit,
668 810 695 843 oc

138 857 164 904 in
180 855 241 903 eaede
256 862 363 902 versutus.
387 854 477 901 Deinde
537 812 769 920 Chrysogonumloelll

140 920 214 968 Sullae
223 919 339 976 libertum,
350 925 373 966 et
382 917 444 980 apud
454 917 561 966 eumdem
570 921 768 985 gratiosissimum

139 981 252 1030 interfecti
267 984 334 1041 buna,
349 982 414 1045 qussi
428 982 554 1045 proscripti,
570 986 685 1045 memisse,
698 989 770 1051 possi.

140 1047 202 1104 dere,
218 1055 305 1109 purtem
321 1061 374 1092 oum
385 1047 415 1093 Τ.
427 1047 510 1094 Roscio
526 1049 719 1100 communicissez
736 1062 768 1111 et,

139 1111 195 1174 qnia
205 1126 266 1158 nuuc
275 1111 341 1158 Serti
348 1110 445 1171 hujusce
455 1111 526 1158 vitum
534 1121 628 1176 uterque
639 1115 691 1175 sibi,
702 1116 732 1164 sd
742 1133 769 1166 eo

140 1177 199 1224 bons
217 1174 322 1232 fremida,
341 1176 431 1222 obstare
451 1183 520 1238 eupue
540 1175 629 1224 officere
646 1178 768 1242 intelligat,

137 1240 261 1297 Erucium,
283 1245 435 1286 accusatorem
453 1248 552 1286 veterem
571 1248 594 1286 et
611 1242 768 1305 exercitamur,

137 1303 278 1368 opposuisse,
288 1301 329 1366 qui
339 1301 424 1350 crimen
432 1303 513 1350 callide
523 1303 669 1366 oonfingeret,
681 1321 771 1356 accuso-

137 1369 270 1430 tionemque
280 1367 409 1429 susciperet.
425 1367 504 1414 Reum
515 1376 592 1414 sutem
604 1369 713 1418 Roscium
725 1387 772 1420 uon

137 1432 208 1480 modo
223 1431 315 1478 nullum
330 1431 511 1480 emolumentum
526 1447 554 1478 ex
569 1447 623 1482 nece
637 1435 715 1496 putris,
731 1435 771 1486 eetl

137 1497 208 1546 etiam
220 1511 335 1544 summam
350 1504 472 1557 egestatem
486 1504 555 1558 etque
569 1496 679 1562 inopiam,
695 1517 771 1564 repor.

136 1560 210 1609 iisse:
228 1560 335 1622 iniquum
345 1575 402 1618 esse,
415 1569 449 1617 ut,
465 1560 531 1619 cujus
540 1560 625 1620 injurii
635 1564 714 1626 patriis
724 1565 773 1613 ior·

137 1625 201 1673 tunis
218 1625 325 1672 omnibus
336 1624 365 1670 sit
379 1639 477 1681 eversus,
487 1632 556 1686 atque
570 1625 599 1672 stl
610 1642 725 1678 summam
735 1629 771 1676 in-

138 1689 217 1752 opium
227 1687 339 1745 reductus,
351 1689 400 1747 ejus
411 1702 473 1734 nuuc
483 1687 591 1750 potentii,
602 1706 643 1752 per
653 1707 771 1740 summum

139 1753 237 1802 dedecus
262 1767 423 1814 summumque
448 1751 565 1812 injuriam,
593 1753 639 1802 vite
662 1757 770 1819 privetur.

141 1819 221 1867 Cama
225 1817 328 1878 publica,
335 1815 437 1878 adeoque
445 1815 522 1877 ipsum
526 1818 645 1878 Jodioium
651 1822 772 1880 publicum
868 1811 870 1816 ¹

140 1890 186 1932 este
206 1881 231 1928 h.
248 1895 267 1927 e.
287 1888 403 1927 accusator
419 1894 466 1926 non
483 1881 595 1944 privatum
610 1883 715 1944 alicujus,
732 1885 772 1932 setl

139 1947 201 1994 loesoe
211 1945 281 1992 totius
292 1943 347 2006 reip.
363 1943 472 2004 injuriam
487 1946 636 2009 persequitur,
652 1949 715 2010 quod
728 1949 773 1996 hu·

140 2009 242 2072 jusmodi
253 2007 349 2055 crimino
358 2007 388 2053 etl
402 2007 474 2069 ipsius
488 2008 543 2071 reip.
554 2010 677 2071 psmiciem
688 2013 772 2060 valent

141 2074 205 2122 Aeto
214 2081 248 2120 est
258 2072 283 2118 in
293 2071 342 2118 toro
354 2073 391 2124 (ut
400 2072 470 2119 moris
480 2081 535 2131 erut,
546 2073 646 2135 publioe‚
654 2083 678 2120 et
687 2074 712 2122 in
719 2090 774 2123 oon·

141 2146 220 2201 speetu
238 2135 319 2199 populi
331 2134 417 2184 circum
430 2137 537 2183 subsellia
549 2136 655 2196 judicum
667 2153 774 2186 eoronam

141 2201 254 2259 facientis,
265 2199 314 2247 heo
324 2200 404 2262 eapitis
416 2200 503 2260 judicio
516 2200 577 2257 fieri)
591 2200 621 2248 ad
636 2200 673 2249 lli.
691 2203 776 2252 Fannii

143 2264 247 2331 pretorio
258 2264 367 2321 tribunal,
376 2263 419 2326 qui
424 2264 546 2326 questioni
556 2264 614 2312 inter
620 2265 709 2316 sioerios
717 2284 776 2331 pre-

144 2338 209 2386 erot3
227 2328 313 2376 cumei
326 2327 351 2374 in
366 2327 459 2375 oonsilio
472 2327 560 2388 judices
574 2344 603 2376 ex
617 2330 696 2380 ordine
712 2348 777 2380 seno·

144 2395 203 2442 torio
214 2392 266 2456 (qui
277 2401 328 2440 tum
338 2391 399 2438 solus
409 2391 460 2452 lege
470 2391 576 2440 Cornelii
584 2394 711 2453 judicabat)
722 2397 777 2444 sesi-

145 2459 231 2506 (lereut.
249 2457 283 2504 Et
297 2464 347 2502 acta
362 2463 404 2510 est„
415 2463 443 2500 ut
453 2453 542 2502 Gellius
557 2464 660 2518 testetur,
672 2461 701 2508 L.
713 2460 779 2508 snite

145 2523 240 2577 iterum,
253 2519 318 2578 etQ.
332 2517 430 2566 Metello
441 2517 504 2566 Coss.
515 2534 575 2569 anno
586 2530 637 2584 post
646 2538 739 2572 usumin
750 2523 778 2570 P.

146 2585 247 2646 Quintil.

140 2712 232 2770 (Orat.)
245 2723 309 2758 von.
320 2721 339 2755 r.
571 2720 588 2752 u
