1820 2958
256 153 295 206 IN
312 153 460 208 VERREM
480 157 517 206 11.
528 157 592 208 Gar.
603 158 649 206 ad·
736 158 782 216 177

123 305 138 318 ·-
148 279 232 334 XXV.
248 284 307 333 Erat
322 297 399 334 eom·
414 287 465 347 ejus
476 285 584 336 'Rubrius
599 285 704 350 quidam,
714 287 791 336 homo.
831 312 835 320 ·

115 346 189 396 faetus
199 349 230 396 ad
240 348 307 398 istius
316 350 431 409 libidines,
443 351 484 414 qui
496 351 555 398 miro
562 350 666 409 artificio,
675 366 787 414 quocum·

114 427 161 475 que
176 423 277 473 venerat,
288 415 338 462 haee
353 416 488 477 investigare
501 415 580 462 omnia
596 416 689 464 solebat.
715 416 740 463 ls
755 415 785 463 sd

113 477 406 526 ettmremistanrdet'ert:
419 479 584 528 Philodamum
595 495 643 528 esse
667 479 786 540 umidam,

113 555 206 603 genere,
223 542 323 602 honore,
336 543 416 606 copiis,
434 543 608 602 existimatione,
619 544 643 592 fa
657 545 686 591 'e
701 544 788 607 princi·

112 619 168 668 pem
186 606 414 670 Lampsacenorum
432 609 482 668 ejus
500 623 548 656 etse
563 608 715 673 liliumque
731 624 786 656 eum

113 677 179 732 patre
189 670 312 729 habitaret,
330 681 450 734 propterea
460 671 523 734 quod
533 673 609 720 virum
619 687 667 722 non
682 673 786 734 baberet,

112 733 236 782 mulierem
259 735 345 782 eximii
359 735 552 811 pulchritudines
571 736 610 784 sed
625 753 676 785 aaut
692 739 786 786 summi

71 818 87 831 Ἰ
110 799 367 922 ssffieiiefflifi
383 809 561 926 uidediidilmridii
574 801 789 929 niiffipsdtnffi

110 938 184 990 qum
192 927 290 983 vidmat,
301 928 341 974 sed
348 942 378 975 ne
388 927 492 977 audierat
501 929 596 992 quidm
603 931 632 977 ab
643 946 670 978 eo
680 931 722 995 qui
732 933 782 995 ipsa

41 1013 45 1018 ·
109 990 212 1048 vidisset,
225 992 340 1039 utstatim
351 991 381 1038 ad
391 993 557 1042 Philodamum
567 994 667 1056 migrare
681 1011 705 1043 ae
720 996 782 1044 dica-

108 1063 145 1102 ret
164 1055 230 1102 velle.
259 1055 351 1118 Hospes
368 1057 470 1114 Janitor,
488 1058 529 1120 qui
544 1057 603 1106 nihil
620 1059 781 1122 suspiearetur,

108 1118 205 1178 veribus,
224 1118 266 1180 [ne
282 1120 340 1184 quid
357 1120 447 1183 inipso
464 1137 488 1168 se
503 1121 644 1185 offenderit]
661 1123 780 1172 hominem

108 1184 204 1231 summi
222 1184 246 1231 vi
262 1185 359 1232 retinere
375 1186 449 1247 eupit
466 1187 523 1242 Iste,
540 1186 582 1248 qui
600 1185 696 1248 hospitis
712 1189 782 1236 relin-

108 1247 197 1311 quendi
207 1262 300 1296 oaumm
310 1249 408 1311 reperire
418 1264 465 1296 non
475 1259 559 1312 posset,
574 1247 620 1298 alit
635 1249 678 1297 sihi
693 1251 781 1300 ratione

107 1312 171 1360 riam
182 1312 274 1360 munire
284 1312 314 1360 ad
325 1321 431 1376 stuprum
445 1313 529 1376 erepit:
547 1313 674 1374 Rubrium,
689 1314 781 1364 ddicias

107 1377 207 1452 suae-in
218 1376 326 1425 omnibus
337 1377 450 1451 ejusmodi
460 1380 528 1453 rebus
538 1377 666 1452 adjutorem
677 1395 745 1455 arrum
757 1389 780 1428 et

106 1441 780 1566 ttttttttttdbittititttdilitit

105 1577 167 1627 mm,
179 1570 271 1617 mmabi
288 1578 336 1618 erat
353 1570 454 1632 ignarus,
466 1580 580 1634 quanmm
599 1571 684 1622 sibiae
700 1573 778 1623 liberis

106 1633 154 1680 mis
168 1634 219 1694 jam
235 1641 286 1680 tum
299 1634 356 1681 mali
374 1635 555 1696 constitueretur,
570 1645 648 1684 tamen
664 1637 695 1686 ad
704 1639 776 1688 istum

104 1706 185 1753 ιιιις
203 1697 311 1756 ostendit,
333 1713 419 1746 munus
435 1699 494 1747 illud
512 1714 581 1748 suum
599 1715 646 1748 non
663 1717 725 1750 esset
743 1719 776 1764 se,

9 1767 19 1776 '
103 1775 158 1810 mm
169 1777 218 1810 aute
228 1771 304 1824 partes
315 1772 388 1810 essent
397 1763 516 1826 hospitum
524 1765 713 1827 reripiendomm,
722 1776 775 1816 tum

103 1825 165 1888 ipsos
182 1836 261 1874 tamen
278 1836 385 1889 pretores
404 1836 427 1874 et
445 1828 557 1887 eonsules,
579 1844 626 1876 non
647 1830 775 1892 legatorum

104 1890 210 1950 anetho,
221 1890 321 1953 recipere
331 1891 409 1938 solere.
426 1892 483 1951 Iste,
494 1893 536 1955 qui
546 1893 594 1940 unit
604 1893 728 1956 eupiditate
738 1909 775 1941 ra-

102 1963 205 2016 peretur,
212 1962 287 2002 totum
295 1954 358 2002 illius
365 1956 507 2018 postulatum
514 1971 653 2020 eausamque
659 1957 760 2020 neglexit
766 1961 782 2006 ι’

102 2033 145 2080 per
152 2017 201 2066 rim
210 2018 241 2065 ad
252 2033 315 2078 eum,
326 2019 368 2082 qui
375 2019 474 2083 resipere
483 2033 530 2068 non
541 2020 646 2083 debebat,
655 2021 774 2072 Rubrium

102 2081 186 2130 deduci
196 2083 324 2146 irnperavit.

135 2147 234 2194 XXVI.
251 2147 301 2194 Hie
318 2146 478 2206 Philodamus,
488 2157 638 2212 posteaquam
650 2149 774 2209 jussuum

103 2211 206 2258 obtinere
216 2225 262 2258 non
269 2211 352 2274 potuit,
361 2221 388 2259 ut
398 2211 565 2260 humanitatem
574 2214 774 2264 consuetudinem.

9 2326 15 2340 1
102 2289 148 2338 que
167 2289 233 2322 suant
252 2275 366 2334 retineret,
379 2277 504 2324 laborabat.
528 2277 616 2336 Homo,
628 2277 669 2341 qui
683 2295 773 2344 semper

100 2337 291 2402 hospitalissimus
311 2339 508 2403 amicissimusque
534 2350 665 2390 nostrorum
693 2343 780 2392 homi·'

101 2417 159 2450 num
181 2403 326 2468 existimatus
346 2413 412 2463 esset,
429 2403 505 2453 noluit
521 2405 593 2454 videri
610 2407 687 2470 ipsum
703 2409 772 2458 illum

101 2467 221 2516 Rubrium
232 2467 318 2516 invitus
328 2466 353 2516 in
367 2469 463 2516 domum
480 2485 547 2518 suam
564 2471 689 2534 recepisses
706 2489 772 2536 meg.

98 2531 165 2580 nilite
175 2540 199 2579 et
209 2541 287 2580 ornate
299 2536 335 2586 (ut
346 2543 395 2580 erat
404 2534 429 2582 in
439 2533 520 2596 primis
530 2535 589 2582 inter
595 2551 647 2584 suos
655 2537 769 2600 eopiosus)

99 2596 232 2644 morittium
250 2606 381 2660 comparati
398 2605 465 2660 rogat
478 2599 605 2657 Rubrium,
624 2610 659 2659 ut,
692 2616 734 2650 uos
750 2601 772 2648 ei

100 2661 680 2724 emmumutuutsmwmmteuu·
725 2673 772 2721 us,
841 2679 844 2683 ·
