1820 2958
114 146 163 195 rao
252 145 292 216 nv
310 145 459 196 vnnnnn
477 147 513 194 11.
531 146 647 196 emas.

150 273 242 350 Nuper,
263 273 300 322 M.
315 274 414 322 Aurelio
431 275 517 323 Scauro
533 275 672 338 postulante,
689 275 755 338 quod
769 275 794 324 ia

118 336 206 401 Ephesi
217 353 241 385 se
248 337 414 401 questoremvi
421 337 563 402 prohibitum
570 355 618 388 esse
625 339 723 396 dicebat,
731 355 794 402 quo-

118 403 197 450 minus
207 418 220 450 e
230 401 284 450 fano
294 402 378 450 Dianae
388 418 479 451 servum
490 419 568 462 suum,
584 404 625 467 qui
635 404 661 450 in
668 403 729 450 illud
739 419 794 466 asy-

119 467 171 514 lum
181 466 327 528 confugisset,
343 467 479 524 abduceret;
498 467 596 515 Pericles
611 467 737 531 Ephesius,
748 468 793 514 ho-

120 546 160 578 mo
177 531 340 588 nobilissimus,
352 531 454 578 Romam
469 541 574 580 evocatus
585 542 627 592 est,
639 533 702 596 quod
713 540 795 584 auctor

120 593 212 656 injuria
222 595 284 642 illius
294 595 364 642 fuisse
370 605 516 657 argueretur:
535 604 569 654 tu,
581 597 600 644 si
611 605 633 643 te
644 597 749 658 legatum
760 596 795 642 ita

122 659 246 721 Lampsaci
262 667 383 707 tractatum
400 675 455 718 esse,
467 668 572 708 senatum
583 660 706 720 docuisses,
721 669 749 708 ut
759 659 797 706 tui

122 723 216 770 comites
234 723 415 781 vulnerarentur,
434 725 501 772 lictor
518 724 666 784 occideretur,
683 725 735 788 ipse
751 724 797 771 cir-

118 787 249 834 'cumsessus
259 801 325 849 paene
335 787 494 845 incenderem,
512 789 561 849 ejus
578 797 656 836 autem
672 789 706 836 rei
725 789 796 835 duces

123 859 146 897 et
156 858 258 898 auctores
269 860 291 898 et
318 851 414 915 rincipes
424 852 495 900 fuisse
506 858 574 916 (quoa
585 852 673 910 scribis)
685 853 797 900 Themis-

122 922 226 976 tagoram
245 923 268 961 et
285 867 440 972 literanum
457 915 509 980 quis
528 931 575 963 non
591 919 795 964 commoveretur?

123 977 175 1041 quis
190 992 245 1036 non,
263 994 292 1025 ex
306 978 392 1038 injurii
406 996 458 1043 quae
473 980 514 1027 tibi
529 989 586 1028 esset
601 981 669 1040 iacta,
687 981 732 1030 sibi
742 997 797 1043 pro-

122 1042 228 1090 videret?
245 1042 297 1104 quis
308 1057 354 1090 non
363 1042 388 1088 in
399 1043 427 1090 ed
438 1060 462 1091 re
470 1060 563 1092 causam
574 1053 648 1104 tuam,
665 1045 797 1108 periculum

123 1100 255 1164 commune,
272 1107 309 1169 agi
325 1106 492 1156 arbitraretur?
509 1107 604 1156 Etenim
622 1123 708 1156 nomen
725 1109 798 1172 legati

65 1186 68 1192 ·
124 1171 237 1240 ejusmodi
247 1186 295 1222 esse
305 1171 380 1228 debet,
393 1172 464 1234 qnod,
476 1187 522 1219 non
533 1171 602 1219 modo
613 1173 672 1219 inter
682 1174 798 1221 sociorum

122 1228 185 1302 jura,
204 1235 330 1300 sedetiam
348 1235 407 1284 inter
425 1235 527 1284 bostium
544 1235 597 1296 tela,
614 1236 731 1285 incolume
747 1253 799 1286 ver·

123 1305 193 1348 'setun

158 1365 280 1426 XXXIV,
289 1365 407 1428 Magnum
416 1367 460 1414 hoc
469 1367 654 1430 Lampsacenum
665 1367 752 1415 crimen
763 1378 799 1414 est

124 1428 226 1476 libidinis
243 1438 313 1492 atque
332 1429 506 1491 improbissima
524 1431 662 1495 cupiditatis.
691 1431 800 1494 Accipite

125 1503 187 1540 nunc
195 1493 295 1548 avaritia
305 1495 472 1563 propemodum
480 1496 555 1546 insuo
565 1510 647 1558 genere
658 1511 704 1543 non
716 1495 798 1544 levius.

125 1555 230 1603 Milesios
241 1571 323 1608 navem
334 1558 444 1624 poposcit,
462 1575 514 1622 quae
525 1575 587 1619 eum,
604 1560 705 1623 preasidii
719 1560 798 1620 causi,

125 1619 245 1682 Myndum
264 1633 443 1683 prosequeretur.
475 1623 516 1670 Illi
535 1624 612 1686 statim
631 1639 798 1688 myoparonem

124 1683 799 1818 nitettinettetttttrnveutt

790 1787 798 1813 i

125 1813 182 1876 quid
192 1812 289 1862 Milesiis
299 1813 359 1862 lanae
369 1816 467 1879 publica
474 1816 601 1874 abstulerit,
612 1817 669 1863 item
679 1818 709 1864 de
720 1827 799 1865 sumtu

125 1876 150 1926 in
165 1878 298 1937 adventum,
314 1878 344 1926 de
356 1881 500 1930 contumeliis
510 1889 533 1928 et
542 1881 632 1946 injuriis
642 1880 667 1927 in
678 1883 799 1944 magistra-

125 1951 178 1990 tum
189 1943 318 2003 Milesium,
334 1943 425 1991 tametsi
435 1943 480 1992 dici
491 1953 542 1996 tum
557 1961 617 2004 vere,
634 1953 685 1994 tum
700 1947 800 2008 graviter

126 2016 150 2055 et
168 2009 313 2056 vehementer
330 2017 413 2071 potest,
429 2017 507 2056 tamen
526 2009 599 2058 dicere
616 2011 799 2074 pretermittam,

127 2087 200 2135 eaque
211 2073 288 2120 omnia
297 2072 391 2120 testibus
401 2073 490 2134 integra
500 2075 624 2126 reservabo.
650 2069 724 2134 Illud,
736 2073 800 2138 quod

128 2151 203 2200 neque
221 2137 289 2186 taceri
305 2137 354 2183 ullo
371 2136 449 2195 modo,
466 2152 542 2200 nequa
557 2137 602 2188 dici
618 2138 798 2202 pre-dignitate,

127 2209 210 2278 potest,
227 2201 361 2264 cognoscite.

161 2257 251 2319 Milites
266 2266 408 2330 remigesque
422 2264 534 2313 Miletum
550 2265 642 2329 Myndo
656 2267 755 2331 pedibus
765 2284 801 2316 re.

128 2327 186 2386 perti
192 2328 273 2386 jubet:
285 2329 334 2391 ipse
344 2345 508 2393 myoparonem
519 2331 708 2392 pulcherrimum,
720 2333 750 2393 de
760 2333 801 2380 de-

129 2405 179 2436 cem
197 2391 343 2439 Milesiorum
359 2394 456 2440 navibus
471 2393 577 2452 electum,
595 2395 625 2441 n.
637 2395 721 2458 Magio
735 2406 759 2445 et
770 2396 800 2446 Ia.

128 2453 215 2511 lisbio,
233 2455 273 2516 qui
292 2455 378 2518 Myndi
396 2457 539 2518 babitabant,
556 2459 665 2507 vendidit.
694 2459 729 2508 Hi
747 2471 801 2509 stant

128 2513 242 2573 homines,
254 2533 311 2580 quos
322 2533 395 2581 nuper
405 2530 496 2568 senams
506 2523 530 2568 in
539 2521 640 2570 hostium
651 2539 750 2573 numero
760 2525 802 2574 hc·

127 2578 216 2642 bendos
233 2581 326 2628 censuit.
348 2583 401 2630 Hoc
418 2585 453 2630 illi
469 2587 561 2648 navigio
577 2587 607 2634 ad
624 2603 704 2636 omnes
721 2592 803 2653 populi

128 2641 231 2692 Romani
241 2643 324 2707 hostes,
341 2662 414 2710 usque
425 2650 454 2696 ab
467 2649 560 2709 Dianio,
578 2651 641 2715 quod
651 2653 676 2702 in
688 2653 805 2718 Hispanii
