1824 2968
173 135 243 188 l’ll'O
259 136 385 188 ROSCIO
400 137 576 188 AMERlNO.
593 137 656 187 Gan.
668 139 706 187 ³&
739 138 771 188 69

104 265 242 329 pervigilet?
259 267 615 316 othonorissuieaueilabosetl
631 266 772 330 ut'ssapitoni

104 331 291 393 quamprimum
301 332 409 380 nuntiet?
656 343 658 350 ·
732 350 736 360 ¹

107 429 113 436 .
138 394 204 452 Quid
211 403 267 454 erat,
276 397 339 460 quod
347 397 484 460 Capitonem
489 395 591 459 primum
598 395 653 443 sere
661 393 772 442 voluerit?

105 456 206 514 Nesciet
224 459 268 507 nisi
278 461 321 508 hoc
332 460 406 518 video,
419 460 555 522 Capitonem
565 459 640 506 iubis
650 458 715 506 bonis
726 471 773 504 esse

106 521 202 570 sadum.
219 523 258 570 De
267 525 340 572 tribus
351 533 374 572 et
383 525 462 572 desem
472 523 557 582 fundis,
566 532 611 571 tres
621 521 774 570 nobilissimos

105 583 192 632 fundos
207 602 262 634 eum
278 588 344 635 video
360 588 480 650 possidere.
502 587 581 634 Audio
596 595 712 649 preterea,
726 599 774 632 non

106 646 168 695 banc
178 650 329 712 suspicionem
341 667 408 698 nuno
418 651 521 714 primum
534 651 560 696 in
570 651 705 713 Capitonem
719 663 773 696 eon.

109 711 179 758 feerit
196 713 282 760 multas
298 729 345 762 mse
360 715 456 762 infames
474 715 580 777 palmae;
596 714 656 761 hane
671 713 772 777 primam

110 789 160 821 ease
170 783 249 822 tamen
258 777 422 838 lemniscatam,
431 794 484 841 quae
492 777 574 824 Romae
583 777 709 825 deferamrt
720 777 775 824 nul.

111 837 164 884 lum
178 837 275 885 modum
292 854 339 888 esse
355 841 453 890 hominis
470 841 594 900 occidendi,
611 857 657 904 quo
673 841 713 888 ille
726 855 773 888 non

114 901 204 963 aliquot
213 902 330 960 occideritt
346 906 431 954 milltes
441 906 509 965 feno,
520 906 605 955 multos
612 919 705 956 veneno
723 905 775 952 lla-

23 996 26 1000 ·
115 965 159 1012 beo
178 965 245 1014 stiam
263 967 343 1028 disere,
360 985 439 1033 quem,
458 977 536 1018 mntra
548 984 636 1029 morem
650 969 774 1029 majorum,

115 1028 227 1078 minorem
237 1031 301 1080 annis
312 1033 367 1093 LX‚
382 1034 412 1081 de
419 1042 496 1096 ponte
508 1034 534 1081 iu
547 1033 652 1086 'ttberim
662 1032 774 1093 dejeoetit.

117 1091 185 1152 Quas,
203 1093 223 1140 si
236 1096 351 1158 prodierit,
367 1106 437 1162 atque
451 1098 508 1147 adeo
522 1113 577 1144 eum
589 1096 705 1159 prodierit,
720 1098 731 1148 (
754 1095 760 1106 ’

114 1156 175 1204 enim
184 1159 329 1220 proditurum
340 1171 397 1220 esse)
405 1161 489 1211 audiet.
506 1161 592 1210 Veniat
602 1160 686 1207 modos
703 1158 778 1220 explin

113 1229 148 1274 cet
157 1237 227 1274 suum
235 1225 344 1276 volumen
351 1225 419 1283 illud,
428 1225 491 1288 quoti
500 1225 530 1284 ei,
539 1226 635 1287 planum
645 1223 718 1270 faeere
725 1237 778 1284 pos-

112 1428 155 1476 pm
164 1414 295 1464 testimonio
304 1386 352 1465 ess'e
362 1417 485 1464 dietmum.
508 1416 533 1464 0
543 1386 679 1480 prasiorum
688 1422 779 1474 testem,

111 1477 215 1538 judiees!
228 1479 673 1543 ogravitstemdignamexspeetationel
685 1478 780 1527 ovitam

112 1541 243 1601 honestam,
254 1545 458 1606 atqueejusmodi,
473 1552 501 1592 ut
513 1545 638 1592 libentibus
652 1543 735 1591 suiuus
748 1541 780 1590 ad

112 1605 172 1716 tlt
179 1606 454 1720 tittffl‘tt
460 1608 781 1735 pttfflttffi

113 1731 167 1778 boia
176 1733 313 1794 videremus,
325 1735 369 1784 nisi
383 1735 444 1798 ipsos
458 1751 532 1784 oaeoos
541 1735 644 1785 redderet
657 1732 780 1796 cupiditas,

114 1803 137 1843 et
148 1797 250 1854 avarius,
262 1807 285 1846 et
295 1799 397 1850 sudada
478 1821 481 1830 ‚
746 1827 749 1832 ·

148 1859 271 1910 XXXVI.
288 1863 357 1910 Alter
367 1878 396 1910 ex
410 1861 461 1926 ipsi
474 1863 535 1910 esde
545 1863 661 1911 volucrem
671 1860 783 1910 nuntium

116 1922 239 1972 Ameriam
249 1925 279 1972 ad
290 1927 377 1974 socium
387 1935 456 1990 atque
466 1926 495 1974 ad
506 1927 642 1989 magistmm
656 1939 725 1974 suum
737 1925 783 1970 mi·

118 1987 163 2044 sit;
180 1996 215 2047 ut,
231 1987 250 2035 si
265 1989 407 2040 dissimulare
422 2005 501 2039 omnes
516 1998 624 2053 cuperent
637 2005 661 2036 se
675 1988 738 2046 seire,
754 1987 786 2036 ad

118 2065 190 2114 quem
210 2053 350 2102 maleficium
370 2053 500 2116 pertineret,
518 2066 596 2106 tamen
614 2053 662 2115 ipse
680 2059 786 2114 apettum

118 2113 189 2164 'suum
200 2116 273 2163 scelus
283 2127 337 2164 snte
346 2117 451 2168 omnium
462 2119 539 2167 oculos
549 2124 649 2180 poneret·
672 2115 741 2167 Alter
752 2115 787 2168 iti

119 2177 173 2226 Diis
183 2180 353 2229 immortalibus
362 2182 446 2244 plaoet)
454 2180 612 2233 testimonium
622 2179 691 2228 etiam
698 2178 723 2224 in
730 2179 785 2235 Sett-

121 2242 234 2291 Roseium
249 2244 351 2300 dicturus
365 2254 404 2296 est.
429 2245 569 2304 Quasivero
583 2243 607 2291 id
622 2251 787 2304 nuncapatur,

120 2314 212 2366 utrum,
224 2307 244 2354 ia
255 2308 318 2371 quod
324 2308 416 2368 dixerit,
424 2308 574 2365 eredendum
585 2323 624 2368 an,
631 2306 694 2376 quod
701 2306 788 2368 fecerit,

122 2370 289 2424 vindicandum
299 2373 351 2420 sit¹¹
470 2397 472 2402 .
741 2385 743 2388 ·

125 2485 128 2490 .
153 2434 238 2498 Itaque
248 2451 312 2484 more
322 2433 437 2498 majorum
447 2445 604 2500 comparatum
615 2444 657 2494 eat,
664 2442 696 2490 ⁴nt
707 2435 732 2486 in
742 2434 788 2482 mi„

119 2498 192 2548 nimis
202 2501 271 2548 rebus
281 2499 385 2548 homines
397 2501 533 2564 amplissimi
543 2497 738 2552 submonemus
748 2497 790 2544 sul

120 2577 147 2620 te
157 2577 205 2610 non
215 2563 323 2617 dicerent,
347 2563 480 2624 Africanus,
492 2565 534 2628 qui
547 2579 589 2612 suo
603 2561 744 2632 cognomino⁸
752 2560 792 2604 de·

119 2625 201 2688 clarat,
212 2626 305 2678 tertiam
321 2636 411 2692 partem
424 2628 485 2678 orbis
498 2637 612 2676 seranum
628 2639 653 2674 se
667 2624 790 2684 subeatve
