1828 2966
265 121 306 185 tu
322 135 472 186 munau
490 137 525 186 11.
543 127 642 186 omi.
742 127 790 187 iat

11 253 25 264 ”
117 261 184 310 Tum
194 262 290 312 demum
301 265 341 314 illa
352 264 412 314 vieta
426 265 574 324 videbuntur,
588 280 643 314 cum
657 265 683 312 in
698 274 792 314 conten·

118 327 205 375 dunen
222 338 384 394 certamenque
397 330 507 379 venerint.
532 331 625 378 Absens
641 330 661 378 si
675 330 718 378 iste
732 339 790 379 esset

89 444 92 450 .
116 389 249 454 damnatus,
260 409 307 442 non
318 403 367 442 tam
377 394 426 457 ipae
436 395 480 442 sibi
490 395 638 454 consuluisse,
649 410 722 459 quam
732 394 792 442 invi·

118 455 180 504 disse
190 466 270 506 vestre
280 458 353 518 laudi,
364 459 485 507 videretur.

152 521 188 568 11.
206 523 291 585 Neque
305 523 367 570 enim
380 523 443 570 salus
456 523 506 570 ulla
515 523 647 586 reipublice
661 523 736 584 major
746 522 791 571 hoc

115 593 220 648 tempure
233 587 327 650 reperiri
341 595 424 650 potest,
439 602 510 650 quam
524 589 638 652 populum
654 588 790 636 Romanum

115 649 253 713 intelligere,
264 650 385 714 diligenter
393 651 481 712 rejectis
488 653 518 700 ab
526 662 655 700 accusatum
663 651 789 713 judicibus,

99 713 102 718 '
115 715 335 778 socios,legea,re1u
351 716 580 774 ublicam,senaturic
586 717 679 764 condlio
687 717 791 764 maxitne

115 794 183 842 posse
193 779 294 827 defendi.
343 796 402 844 eque
412 789 478 828 tanta
487 779 585 828 fortunis
595 781 701 828 omnium
712 781 790 844 pemi-

114 843 160 890 eies
166 851 241 906 potest
249 841 383 908 [accidere,]
391 844 788 909 quam‚cpiniouepopulilicrnani,

115 908 229 956 rationem
248 908 357 967 veritatis,
375 909 520 972 integritatis,
536 907 600 967 fidei,
616 909 741 973 religbnis,
758 912 789 959 ab

114 971 161 1019 ltoc
170 972 251 1020 ordine
259 972 393 1033 abjudicari.
418 974 502 1035 ltaque
511 973 570 1020 mihi
581 973 659 1021 videor
668 989 788 1037 magnam,

114 1045 139 1084 et
153 1037 258 1088 manitus
273 1053 367 1099 egram,
383 1046 406 1084 et
420 1052 492 1100 prope
506 1037 642 1100 depositam,
658 1038 789 1101 reipublice

114 1110 207 1164 partem
222 1101 360 1164 suscepisser
377 1117 452 1165 neque
465 1101 490 1148 in
505 1117 533 1148 ec
547 1102 622 1164 magis
635 1116 702 1159 mere,
716 1118 788 1165 quam

114 1174 207 1222 vestrm
216 1164 280 1212 laudi
287 1165 496 1227 existimationique
506 1166 608 1212 servisse.
625 1165 718 1212 Accessi
726 1165 789 1213 enim

117 1229 149 1277 ad
163 1229 276 1278 invidiam
288 1229 430 1290 iudiciorum
444 1229 576 1287 levandam
588 1229 790 1291 vituperationem-

115 1309 163 1358 que
174 1294 317 1350 tollendam;
332 1302 368 1351 ut,
383 1307 437 1341 cum
452 1293 502 1340 hec
516 1308 552 1340 res
566 1293 737 1355 provoluntate
747 1308 789 1357 pc·

115 1358 167 1422 puli
178 1357 281 1406 Romani
289 1366 347 1406 esset
354 1358 466 1419 judicata,
477 1354 556 1420 aliqui
565 1373 595 1404 ex
605 1365 679 1420 parte,
690 1356 742 1405 mei
752 1357 789 1404 di·

113 1421 220 1486 ligendi,
236 1423 358 1472 constituta
373 1423 494 1470 auctoritas
507 1421 647 1482 judiciorum
658 1421 787 1470 videreturr

9 1503 15 1510 ’
113 1495 240 1552 pmtrerno,
251 1495 279 1534 ut
290 1495 347 1535 esset
357 1486 401 1534 hcc
409 1486 548 1547 judicatum,
560 1495 587 1532 ut
597 1485 650 1533 fluis
663 1486 788 1550 aliquando

111 1552 242 1613 judiciariae
252 1551 408 1600 mnuoversia
422 1550 602 1598 constitueretur.
624 1551 727 1610 Etenim,
739 1551 789 1600 sine

114 1605 196 1674 dubio,
206 1615 302 1677 judices,
313 1616 339 1664 iu
349 1614 393 1663 hic
403 1613 471 1663 causti
485 1630 512 1662 ea
525 1631 561 1663 rea
575 1615 600 1662 in
615 1615 735 1664 duntmen
747 1617 788 1664 ad·

114 1679 215 1728 ducitur.
240 1681 305 1728 Reus
319 1689 353 1728 est
368 1680 430 1728 enin
445 1679 634 1727 uccenn'ssimus:
652 1680 693 1755 qui
703 1680 723 1728 ai
733 1696 788 1730 ccu-
856 1735 858 1741 ¹

113 1745 247 1802 (lemnum
255 1744 359 1792 desinent
369 1744 473 1792 homiues
481 1743 608 1801 diceretis
617 1744 709 1805 judiciis
717 1759 787 1808 pecu-

113 1809 179 1857 niam
203 1808 404 1872 lurimumposse:
422 1809 457 1856 sin
465 1808 599 1866 absolvitur,
606 1809 737 1856 deuinctum
745 1823 788 1856 noa

114 1874 162 1935 dej
199 1873 246 1921 'ciis
257 1873 417 1922 transferendis
431 1888 541 1920 recusare.
565 1873 670 1920 Tametsi
680 1872 709 1919 de
720 1873 786 1919 absc·

112 1937 203 1986 luticne
220 1937 287 1986 istius
303 1952 380 2002 neque
396 1937 445 2000 ipse
461 1938 511 1997 jam
528 1945 611 2000 sperat,
628 1951 670 1984 nec
685 1936 786 1998 populna

113 2003 236 2050 Romnum
252 2002 350 2051 metuite
374 2002 404 2049 de
421 2000 565 2065 impudentiis
584 2001 703 2063 singulari,
722 1998 786 2062 quod

112 2065 186 2124 adest,
198 2066 262 2130 quod
272 2066 401 2130 respondet,
408 2075 462 2114 sunt
473 2065 514 2128 qui
524 2067 651 2112 mirentur:
669 2063 736 2121 milti,
744 2079 788 2126 pro

114 2129 196 2179 ceteri
211 2132 261 2192 ejus
275 2129 370 2179 audacii
380 2139 449 2194 atque
464 2129 574 2187 amentiis,
590 2144 619 2176 ue
632 2129 676 2175 hoc
691 2127 787 2191 quidem

113 2195 249 2244 mirandum
260 2195 356 2244 videm
373 2195 455 2242 Multa
464 2193 527 2240 euim
537 2201 560 2241 et
570 2193 595 2239 in
606 2192 669 2240 Deos
679 2200 702 2239 et
712 2192 736 2238 in
744 2192 787 2240 ho·

114 2259 190 2307 mines
200 2259 272 2322 impie
281 2260 414 2323 nefarieque
420 2257 549 2314 cummisit3
567 2272 666 2320 quorum
675 2257 787 2306 scelerum

110 2325 185 2388 ponis
196 2325 306 2386 agitatur,
317 2331 340 2371 et
350 2339 365 2371 a
375 2331 453 2370 mente
463 2321 604 2384 consilioque
613 2321 740 2369 deducitur.

121 2403 124 2410 ’
146 2389 198 2436 III.
214 2383 300 2450 Agunt
307 2403 361 2436 eum
369 2387 510 2450 precipitem
519 2387 597 2434 l’oene
604 2385 690 2434 civium
698 2387 787 2434 Roma·
798 2398 803 2403 ·

111 2450 685 2516 mmmqumparn'mseuuipmmssitpartim
701 2449 788 2498 invin-

110 2517 170 2566 culis
184 2517 283 2575 necavit,
298 2517 391 2580 partim,
407 2516 556 2590 implorantes
569 2516 624 2575 jura
638 2515 750 2562 libertatis
762 2523 786 2562 et

108 2581 216 2640 civitatis,
228 2581 253 2628 iu
264 2595 354 2630 crucem
364 2579 464 2629 suatuht.
481 2579 586 2643 Rapiunt
594 2595 647 2627 eum
659 2579 688 2626 ad
697 2577 787 2640 suppli-

108 2643 564 2711 ciumDiipetrdqucdisteinvcntm
579 2652 621 2703 est,
636 2643 788 2706 quieccm-
