1824 2968
240 152 310 207 nso
325 155 353 205 a
366 124 601 217 summoniri.
617 155 654 204 ra
744 153 776 204 ss

107 277 333 348 audeu'requidem
347 285 401 334 veti
414 285 492 348 palam
505 285 615 350 loquitur.
638 283 740 336 Etenim,
759 284 779 332 si

108 347 161 396 vult
168 348 270 396 rismum
281 351 394 396 bonorum
402 350 507 396 instituto
514 349 597 409 vivere,
608 349 684 395 multa
691 355 780 410 oportet

108 411 189 524 fflmti
207 421 278 476 atque
291 412 406 471 dediscam
424 427 523 476 quorum
533 413 568 460 illi
579 413 639 460 retati
654 421 780 474 utrumque

172 477 177 486 “
188 492 201 523 e
211 485 252 524 est.

141 539 243 588 XVIII.
261 541 317 588 Non
329 541 441 600 dubitavi,
454 541 538 603 inquit,
554 555 607 587 oum
620 539 778 588 vadimonium

108 602 225 651 desernrm
236 613 301 664 esset,
312 605 523 668 bonaprosrribere.
551 604 674 666 Improber
687 619 777 662 vuum,

110 668 220 729 quoniam
231 677 257 715 tu
268 668 294 714 id
304 669 347 716 tibi
358 683 456 732 arrogas,
469 676 492 715 et
502 667 593 716 ooncedi
603 669 712 730 postulas,
724 682 780 715 oon·

111 731 226 779 oedamus.
252 731 318 790 Quid
329 733 477 796 sinunquam
491 731 608 780 desemit?
625 733 644 779 si
657 733 700 779 ista
710 747 778 780 cansa

113 795 154 842 abs
167 804 190 842 te
204 804 253 842 tota
266 811 308 856 per
320 811 433 844 summam
447 796 552 844 fraudem
565 805 588 844 et
600 797 712 843 malitiam
727 797 780 844 licta

114 860 166 905 est?
190 858 210 904 si
227 859 382 906 vadimonium
399 861 492 908 omnino
508 860 550 908 tibi
567 875 619 907 oum
637 861 665 907 P.
681 859 781 918 Quintio

115 921 209 968 nullum
225 921 288 970 fuit?
305 939 350 986 quo
367 931 389 971 te
403 925 496 972 nomine
510 925 670 988 appellemus?
687 924 779 987 Impro-

116 985 194 1032 bum?
210 985 253 1044 Aa,
265 987 332 1034 etiam
343 989 362 1035 si
372 988 485 1036 desertum
495 988 652 1037 vadimonium
666 996 731 1047 esset,
743 995 779 1034 ta-

115 1061 178 1106 men,
194 1047 219 1096 in
230 1049 273 1098 istd
282 1053 433 1114 postulatione
447 1061 470 1100 et
483 1053 646 1116 proscriptione
655 1055 778 1112 bouomm,

114 1110 293 1174 improbissimus
303 1118 447 1180 reperiebam.
475 1117 542 1164 Num
557 1117 715 1164 malitiosum?
732 1129 779 1163 non

112 1189 188 1240 negas.
211 1178 413 1228 Fraudulentum?
428 1183 478 1242 jam
488 1181 513 1228 id
523 1181 616 1244 quidem
628 1195 719 1242 arrogas
728 1179 779 1239 tibi,

112 1248 135 1286 et
150 1243 285 1304 pronianum
303 1254 377 1306 putas.
404 1244 545 1293 Audacem?
568 1243 697 1306 cupidum?
712 1243 780 1306 perfi-

109 1303 200 1353 diosum
208 1305 226 1354 θ’
237 1308 342 1370 vulgaria
351 1317 374 1356 et
383 1310 485 1357 obsoleta
497 1317 565 1364 sunt3
582 1321 618 1356 ras
629 1315 707 1355 autem
719 1322 781 1356 nova

107 1377 177 1432 atque
187 1371 298 1420 inaudita.

138 1433 205 1492 Quid
211 1451 265 1498 ergo
273 1439 322 1486 est?
336 1437 572 1498 Vereor,mebereule‚
582 1451 611 1485 ne
619 1435 776 1500 antgravisri·

106 1498 150 1544 bus
158 1507 210 1546 utar
218 1501 694 1564 verbisquamnaturafert,autlerioribus
718 1515 774 1548 uam

106 1575 174 1634 opusa
181 1565 289 1626 postulat.
300 1566 345 1614 Ais
351 1582 399 1614 esse
407 1567 563 1614 vadimonium
571 1566 693 1614 desertum.
702 1517 775 1624 Qus-

105 1626 158 1673 ssvit
168 1642 183 1673 a
190 1635 214 1674 te
221 1629 307 1687 statim,
316 1638 343 1677 ut
354 1631 456 1678 Romam
466 1631 541 1689 rediit,
553 1629 672 1689 Quintius,
680 1645 729 1693 quo
735 1629 774 1676 die

106 1689 264 1739 vadimonium
275 1693 332 1742 istuc
341 1694 428 1741 fartum
439 1710 487 1742 esse
497 1694 588 1742 diceres
624 1691 772 1756 Respondisti

9 1805 16 1813 ,
105 1755 193 1813 statim,
208 1756 283 1804 Nonis
296 1758 352 1805 Feb.
374 1758 508 1818 Disoedens,
519 1757 544 1804 in
553 1757 687 1806 memoriam
704 1753 773 1804 rediit

106 1817 228 1878 Quintius,
240 1821 333 1882 quodie
343 1822 421 1870 Romb
436 1823 461 1869 in
477 1822 578 1870 Galliam
594 1821 709 1884 proiectus
724 1820 753 1867 sit
762 1837 770 1866 a

106 1881 137 1928 ad
147 1883 316 1946 ephemeridem
325 1886 458 1934 teruntur:
475 1887 590 1936 invenitur
600 1887 648 1933 dies
655 1883 782 1947 protectio·

106 1945 151 2058 pha,
178 1947 222 1994 rid.
236 1949 287 1995 Cal.
296 1950 352 1996 Feb.
373 1951 447 1997 Nonis
456 1950 512 1998 Feb.
520 1951 540 1998 si
548 1951 631 1997 Rome
641 1949 693 2006 fixit,
703 1963 778 1996 eausa

143 2073 226 2132 Quid?
243 2076 286 2123 hoc
296 2077 393 2124 inveniri
401 2079 442 2140 qui
453 2080 547 2142 potest?
564 2077 722 2124 Proiectusest
731 2073 781 2122 und

111 2137 142 2186 Ia.
157 2139 252 2199 Albius,
263 2140 334 2188 homo
345 2155 398 2189 turn
409 2141 489 2204 primis
504 2141 627 2188 honestus:
644 2139 705 2186 dicet
716 2139 790 2186 testi·-

110 2203 224 2250 monium.
249 2204 366 2252 Prosecuti
383 2213 437 2252 sunt
455 2205 578 2252 familiares
594 2212 618 2251 et
638 2202 737 2251 Albium
756 2211 780 2250 st

111 2265 254 2324 Quintium:
271 2267 347 2316 dicent
357 2269 382 2316 bi
396 2284 488 2332 quoque
503 2269 667 2316 testimonium
694 2267 780 2314 Litsrsa

178 2011 261 2070 aimus,
273 2013 329 2075 quin
340 2013 382 2060 tibi
395 2013 554 2065 vadimonium
563 2013 697 2076 promiserit.
779 2041 782 2048 ι

9 2361 24 2370 ,
111 2330 139 2378 P.
151 2331 253 2390 Quintii,
262 2339 329 2380 testes
337 2341 379 2392 tot,
389 2333 483 2395 (quibus
494 2333 601 2380 omnibus
609 2331 780 2392 causajustissi-

110 2407 150 2442 ma
166 2403 200 2442 est
217 2411 258 2442 our
275 2397 330 2444 seire
349 2397 473 2460 potuerint,
490 2398 556 2445 nulla
572 2413 613 2444 sur
627 2397 780 2454 mentiantur)

13 2450 21 2470 ⁸
112 2473 166 2506 enm
185 2459 349 2522 adstipulatore
368 2469 409 2508 tuo
426 2463 637 2524 comparabuntur..
649 2461 682 2509 Et
694 2461 719 2506 in
736 2461 781 2506 bae

114 2523 228 2582 dunnodi
238 2525 307 2571 causis
317 2525 345 2570 P.
357 2524 470 2583 Quintius
479 2525 611 2574 laborabit?
628 2535 652 2573 et
661 2524 747 2572 diutius
757 2521 783 2567 in

115 2593 179 2634 unto
194 2595 259 2634 metu
274 2585 343 2635 miser
359 2588 506 2651 periculoque
520 2589 665 2636 versabitur?
682 2595 705 2634 et
714 2585 783 2632 vehe-

115 2649 215 2700 mentius
225 2665 278 2700 eum
290 2650 363 2714 grata
373 2651 494 2703 adversarii
501 2652 642 2716 perterrebit,
650 2664 721 2714 quarn
728 2646 785 2693 tides
