1824 2968
118 151 151 204 58
183 149 253 205 PRO
269 153 395 205 ansolo
409 143 667 204 Antoninon.
679 153 720 202 25.

119 284 275 362 ssngrdsrnex
290 300 337 349 quo
353 284 372 332 si
388 293 435 348 qna
448 281 540 332 martula
557 289 665 346 concepta
679 288 721 342 est,
736 292 788 330 non

118 349 187 397 modo
198 350 244 398 elur
255 363 301 397 non
312 356 393 412 potest,
405 360 485 396 vetum
495 363 569 411 usque
583 362 610 395 eo
624 353 744 410 permanat
754 343 788 393 ad

42 431 43 434 ¹
111 413 232 472 animum,
243 421 271 460 ut
283 427 387 460 summus
403 412 467 460 firror
474 421 543 476 atque
553 411 653 459 amentia
661 423 789 473 consequa·

119 485 165 525 tur.
182 477 261 526 Nolite
271 477 333 524 enim
343 484 432 551 putare,
449 475 654 538 (quemadmodum
664 475 689 522 in
700 471 788 523 fabulis

120 554 275 605 sepenumero
285 541 376 598 ridens)
384 555 430 599 eos,
441 540 482 603 qui
492 539 580 603 aliquid
589 538 660 602 impie
668 538 788 586 sederatc-

136 621 166 653 ue
176 605 338 663 commiserint,
349 604 430 668 agitari
441 613 463 651 et
478 604 595 668 perterreri
609 603 733 650 Furiarum
744 610 788 650 ta·

120 622 303 716 disardeutibus.
321 669 368 716 Sua
384 683 499 732 quemque
512 667 583 727 fraus,
595 675 618 716 et
634 683 689 714 suus
705 673 787 727 terror,

120 733 223 780 maxime
233 739 314 781 vexat':
332 747 400 780 suum
411 747 526 797 quemque
534 731 606 780 scelus
616 731 696 794 agitat,
707 744 789 778 amen·

121 794 200 860 tiaque
210 797 279 844 afficit
288 815 295 844 r
307 813 355 845 suae
361 797 429 844 malae
436 796 590 859 cogitationes,
599 793 788 858 mnsciennaque

121 861 202 918 animi,
214 869 304 908 terrent.
322 861 368 908 Hoe
380 867 434 908 sunt
446 861 522 923 impiis
537 858 632 908 assiduae
645 858 788 907 domesticae·

122 936 168 988 que
179 924 272 981 surim
289 940 342 990 quae
356 925 404 972 dies
413 933 535 988 noctesque
548 926 670 987 parentum
679 937 758 988 poenas
772 934 788 971 a

123 989 341 1038 consceleratissimis
351 988 426 1035 filiisr
508 996 524 1035 t.
578 1043 581 1049 1

156 1052 215 1100 Haec
225 1052 360 1116 magnitudo
370 1052 430 1101 male
447 1052 476 1100 cii
486 1051 549 1112 facit,
560 1059 595 1112 ut,
607 1051 650 1099 nisi
657 1063 723 1114 pane
732 1065 785 1098 ma·

123 1115 233 1164 bifestum
250 1117 397 1180 parricidium
412 1116 547 1180 proferatur,
559 1116 665 1164 credibile
680 1129 727 1162 non
742 1115 788 1164 site

124 1181 169 1228 nisi
186 1182 259 1246 tuqris
276 1179 434 1241 adolescentia,
452 1181 496 1228 nisi
511 1180 619 1229 omnibus
636 1179 727 1242 flagitiis
740 1179 789 1227 rita

122 1245 251 1310 inquinata,
260 1247 304 1294 nisi
314 1255 403 1294 sumtus
410 1245 475 1294 effirsi
485 1261 539 1293 cum
549 1246 632 1308 probro
642 1252 712 1307 atque
719 1243 789 1292 dede·

124 1315 183 1371 core,
200 1311 244 1358 nisi
270 1319 363 1374 compta
373 1309 476 1370 audacia,
490 1309 535 1357 nisi
547 1317 611 1356 tanta
624 1307 747 1368 temeritas,
761 1314 791 1356 ut

123 1384 171 1421 non
181 1327 391 1438 protufebhorreet
398 1376 428 1421 ab
435 1373 530 1421 insania
546 1371 649 1420 Accedat
658 1373 712 1432 huc,
721 1385 789 1435 opor.

123 1445 165 1496 tet,
176 1438 256 1484 odium
266 1438 373 1500 parentis,
384 1437 584 1486 anunadversionis
593 1445 694 1499 paterna
704 1444 789 1496 meurs,

124 1501 193 1549 amici
203 1501 310 1564 improbi,
322 1501 380 1549 servi
389 1501 479 1561 ωιιεοίί,
491 1509 581 1564 tempus
591 1501 709 1560 idoneum,
724 1500 790 1548 locus

124 1573 252 1627 opportune
260 1572 339 1627 captus
350 1565 379 1611 sd
393 1579 444 1612 eam
452 1579 515 1612 rem:
533 1580 598 1628 paene
608 1563 692 1625 dicem,
703 1579 790 1627 resper-

124 1643 161 1676 sas
175 1643 257 1676 manua
267 1627 378 1691 sauguine
385 1637 479 1692 paterno
485 1629 572 1691 judices
582 1628 682 1689 videant,
694 1635 790 1693 oportet,

125 1692 145 1739 si
155 1701 246 1740 tantum
262 1691 359 1752 facinus,
368 1701 417 1739 tam
427 1691 536 1752 immane,
547 1701 596 1740 tam
607 1692 722 1748 acerbum,
743 1705 792 1740 cre·

124 1753 195 1803 dlturi
203 1756 255 1804 sint.
273 1756 352 1815 Quare
361 1756 413 1816 lroc,
424 1771 471 1820 quo
485 1756 562 1804 minus
575 1764 608 1804 est
622 1755 736 1814 credibile,
747 1755 793 1804 nisi

124 1819 260 1880 ostenditru,
277 1835 304 1868 eo
320 1819 394 1883 magis
411 1829 453 1880 est,
471 1821 491 1869 si
507 1819 656 1882 convincitur,
674 1819 791 1870 vindican.

143 1899 191 1931 um.

157 1945 241 1997 XXV.
258 1948 349 2016 Itaque,
360 1962 414 1999 cum
423 1946 504 1997 multis
514 1961 543 1996 ex
557 1939 625 1997 rebus
638 1945 736 2012 intelligi
748 1948 790 2012 pc·

124 2019 177 2072 test,
189 2013 286 2074 majores
292 2021 380 2060 nostros
390 2025 437 2059 non
447 2013 515 2060 modo
526 2012 595 2062 armis
602 2013 655 2076 plus
666 2027 737 2076 quam
747 2027 790 2062 cre-

125 2083 184 2124 teras
200 2077 311 2136 nationes,
329 2091 409 2125 venun
427 2077 496 2124 mam
513 2075 605 2124 consilio
625 2077 789 2152 sapientiaque,

126 2141 241 2203 potuisse3
258 2150 310 2189 turn
325 2155 355 2188 cx
367 2141 410 2188 huc
425 2155 450 2187 re
462 2140 498 2188 vel
509 2141 618 2200 maxime,
638 2141 701 2204 quod
710 2141 735 2188 in
745 2155 791 2188 un-

125 2204 176 2266 pios
197 2205 311 2266 singulare
327 2204 467 2268 supplicium
484 2204 626 2256 invenerunt.
652 2204 707 2263 Qui
723 2205 749 2254 iu
765 2219 790 2252 re

125 2277 239 2330 quantum
249 2268 371 2331 prudentii
381 2268 525 2332 praeterint
535 2267 562 2316 iis
591 2268 616 2315 ui
626 2268 689 2332 apud
699 2277 790 2317 ceteros

126 2332 286 2393 sapientissimi
300 2331 369 2379 fuisse
379 2331 494 2392 diuturna
511 2285 656 2380 considerate.
685 2331 789 2381 Pruden-

125 2395 213 2442 tissima
227 2396 305 2443 civitas
315 2395 502 2455 Atheniensium,
519 2395 575 2443 dum
587 2411 614 2444 ea
626 2411 703 2445 rerum
716 2397 790 2472 potita
817 2415 820 2422 ¹

125 2467 167 2519 est,
187 2459 256 2506 fuisse
270 2459 373 2506 traditur.
395 2460 455 2520 Ejus
475 2475 542 2523 porro
560 2459 657 2508 civitatis
674 2461 791 2524 saprentis·

125 2521 211 2570 simum
222 2523 330 2571 Solonem
340 2523 419 2570 dimnt
428 2523 506 2586 brisce,
522 2537 584 2583 eum,
596 2523 639 2587 qui·
652 2523 722 2586 leges,
738 2525 790 2588 qui·

124 2586 169 2633 bus
176 2583 244 2634 hodie
253 2601 345 2651 quoquc
355 2595 461 2647 utuntur,
472 2587 592 2651 scripserit.
620 2587 645 2638 Is
655 2601 710 2635 cum
720 2586 790 2635 intar-

124 2658 249 2712 ageretur,
271 2666 312 2700 eur
327 2651 420 2699 nullum
439 2651 578 2716 supplicium
597 2650 749 2702 coniunxisset
764 2651 788 2700 ln
