1828 2966
143 133 193 186 ras
299 135 506 202 sumansu
523 138 545 188 1.
556 136 656 188 crta

143 263 188 312 leto
202 264 326 328 quesitum
342 281 398 327 esee,
409 280 457 316 non
472 267 515 344 qni
523 281 590 316 reum
599 281 670 318 suum
681 259 816 324 adduceret,

144 329 185 378 sed
195 331 237 394 qui
244 347 324 380 meum
334 340 426 396 tempus
436 333 556 382 obsideret·

143 431 145 436 .
177 395 228 444 ΙΙΙ.
245 397 316 444 Nunc
333 397 403 444 homo
417 395 580 448 audacissimus
597 403 666 459 atque
685 393 815 442 amentissi-

144 473 198 508 mus
213 460 257 508 hoc
273 461 364 524 cogitat.
388 461 509 523 Intelligit‚
523 476 561 508 me
576 461 610 510 ita
621 469 729 522 paratum
743 467 816 522 atque

143 523 281 572 instructum
292 525 316 573 in
325 525 440 585 judicium
452 525 535 586 venire,
552 533 636 574 utnon
647 523 716 570 modo
731 523 756 571 in
773 538 815 570 au-

143 587 208 636 ribus
218 588 306 648 vestris,
318 589 357 636 sed
367 589 392 636 in
403 590 474 636 oculis
492 589 606 648 omnium,
620 604 661 636 sua
671 588 735 635 furta
745 595 816 650 atque
892 645 893 650 ¹

144 651 232 714 flagitia
242 652 359 702 defixurus
370 653 420 701 sim
449 653 528 713 Videt,
544 661 657 704 senatores
668 652 755 699 multos
767 666 815 700 erse

144 723 211 763 testes
227 715 328 764 audacia
339 734 401 770 sure:
419 717 481 768 videt
490 718 576 764 multos
587 716 674 780 equites
685 717 815 775 Romanos,

142 778 272 854 trequentes
288 791 397 844 preterea
412 782 470 830 cives
485 790 554 844 atque
573 781 651 840 socios,
669 781 755 844 quibus
766 780 816 842 19⁸0
892 817 893 840 r

144 857 245 906 mermes
255 845 351 906 iujurias
362 847 447 894 fecerit
479 845 551 894 Videt
561 846 629 893 etiam
641 853 675 892 tot
687 860 771 908 graves
786 845 815 892 ab

144 907 286 957 amicissimis
297 910 426 958 civitatibus
436 910 568 973 legationes,
580 925 633 956 curn
644 909 743 972 publicis
760 923 815 956 aue·

142 972 272 1024 toritatibus
283 991 309 1024 ac
319 975 462 1032 testimoniis,
474 975 611 1022 convenisse
639 975 700 1034 Quae
710 988 766 1020 cum
782 973 815 1020 ita

142 1035 198 1097 sint,
213 1053 287 1102 usqua
304 1055 330 1088 eo
349 1039 377 1087 de
394 1039 501 1104 omnibus
518 1039 585 1087 bonis
602 1040 663 1086 male
680 1037 813 1094 existiman
892 1085 893 1092 ἶ

143 1115 217 1164 usque
228 1119 254 1150 eo
265 1104 377 1154 senatoria
384 1103 471 1165 judicia
481 1103 570 1165 perdita
584 1103 751 1168 profligataque
766 1117 814 1150 esse
892 1143 893 1164 ,

140 1167 274 1229 arbitratur,
286 1178 313 1217 ut
322 1169 366 1217 hoc
375 1169 454 1232 palam
470 1168 564 1228 dictitet,
576 1182 622 1216 non
639 1167 687 1214 sine
702 1167 773 1214 causi
789 1181 813 1213 se

143 1231 254 1294 cupidum
264 1235 366 1297 pecuuiae
374 1233 452 1294 fuisse,
463 1232 572 1297 quoniam
580 1241 671 1280 tantum
679 1231 704 1278 in
715 1228 813 1293 pecunii

141 1297 276 1358 presidium
286 1299 416 1362 experiatur
426 1314 488 1350 esse:
505 1312 553 1344 sese
566 1298 608 1358 (id,
625 1295 687 1359 quod
703 1294 812 1342 difficilli-

142 1374 210 1407 mum
220 1362 298 1418 fuerit)
315 1372 406 1425 tempus
423 1363 499 1425 ipsum
517 1361 597 1410 emisse
611 1359 692 1423 judicii
708 1360 752 1416 sui,
765 1375 812 1422 quo

142 1434 223 1471 caetera
233 1425 322 1473 facilius
333 1441 407 1476 emere
417 1435 507 1490 posset3
524 1432 559 1482 ut,
569 1425 679 1489 quoniam
687 1423 811 1471 criminum

141 1487 190 1534 vim
201 1489 356 1551 subterfugere
366 1491 430 1538 nullo
440 1489 509 1542 modo
518 1498 615 1554 poterat,
622 1489 747 1553 procellam
753 1497 812 1536 tem-
892 1491 893 1494 ’

141 1551 203 1614 poris
214 1551 330 1600 devitaret

173 1614 245 1673 Quod
256 1615 275 1663 si
285 1631 333 1664 non
343 1619 412 1667 modo
425 1618 450 1666 in
461 1618 538 1676 causi,
550 1634 630 1668 verum
640 1618 664 1666 in
675 1617 755 1681 aliquo
767 1617 810 1666 ho-

140 1687 205 1726 nesto
222 1680 335 1743 prasidio,
355 1692 395 1731 aut
408 1685 506 1745 alicujus
522 1683 653 1747 eloquentiis
669 1689 711 1732 aut
726 1683 808 1758 gratiis,

139 1759 206 1818 spem
216 1745 319 1809 aliquam
330 1747 475 1806 oollocisset3
492 1747 592 1810 profecto
607 1761 653 1794 non
668 1747 718 1798 haec
732 1762 810 1797 ornnra
892 1779 893 1802 r

138 1809 256 1872 colligeret
262 1819 332 1874 atque
342 1820 492 1876 aucuparetur
502 1829 509 1858 t
526 1825 573 1858 non
584 1827 657 1874 usque
667 1825 694 1858 eo
709 1811 809 1874 despice·

139 1881 175 1920 ret
183 1883 381 1939 contemneretque
391 1875 494 1924 ordinem
503 1876 650 1936 senatorium,
661 1883 688 1923 ut
698 1876 809 1924 arbitratu
892 1895 893 1938 3

138 1937 190 1998 ejus
201 1938 337 2003 deligeretur
347 1949 474 2000 exsenatu,
486 1940 527 2003 qui
537 1955 589 1986 reus
597 1939 675 1997 fieret3
693 1939 743 2014 qui,
750 1940 808 1988 dum
892 1961 893 1964 ¹

138 1999 186 2063 hic,
204 2020 257 2067 quae
275 2020 331 2068 opus
346 2013 427 2063 essent,
445 2013 593 2067 compararet,
611 2019 703 2052 causam
722 2017 807 2052 interea

138 2076 192 2115 ante
203 2084 258 2116 eum
269 2069 357 2116 diceret.
375 2069 469 2128 Quibus
480 2085 522 2132 ego
532 2070 600 2116 rebus
611 2069 668 2132 quid
675 2068 718 2118 iste
725 2077 807 2132 speret,

138 2139 217 2195 etque
225 2134 329 2186 animum
340 2133 452 2194 intendat,
463 2133 530 2184 facile
540 2134 659 2196 perspicio.
687 2133 808 2192 Quamob-

138 2209 189 2241 rem
200 2212 253 2244 vero
261 2213 285 2244 se
294 2197 394 2252 confidat
404 2199 492 2261 aliquid
499 2197 606 2260 perticere
617 2213 691 2260 posse,
699 2199 744 2245 hoc
751 2197 807 2245 Gla·

138 2257 217 2306 brione
227 2270 330 2324 praetore,
342 2270 365 2309 et
379 2263 422 2310 hoc
436 2262 537 2320 consilio,
554 2262 680 2326 intelligere
696 2277 742 2309 non
755 2277 807 2325 pos-

138 2335 198 2395 sum.
216 2325 298 2372 Unum
308 2325 366 2376 illud
376 2327 487 2390 intelligo,
498 2327 571 2391 (quod
580 2327 680 2390 populus
687 2328 807 2376 Romanus

139 2399 165 2432 m
176 2388 296 2448 rejectione
304 2390 409 2452 judicum
419 2392 540 2452 judicavit)
557 2393 584 2440 ei
597 2407 637 2456 spe
653 2392 722 2439 istum
739 2391 808 2438 titisse

139 2450 271 2510 praeditum,
290 2462 317 2501 ut
335 2469 427 2502 omnem
442 2458 553 2504 rationem
571 2457 650 2504 salutis
668 2456 693 2502 in
710 2455 807 2520 pecuniis

138 2524 248 2577 poneret;
265 2516 309 2564 hoc
326 2528 402 2580 erepto
421 2520 535 2582 prasidio,
546 2528 574 2569 ut
591 2521 682 2569 nullasu
698 2520 744 2570 sibi
758 2535 808 2570 κω

138 2577 273 2640 adjumento
283 2580 332 2630 fore
341 2583 495 2632 arbitraretur.
