1828 2966
126 143 173 194 tat
212 143 252 194 IN
268 143 450 196 OAEGILIUM
466 142 579 194 DIVIN.
596 143 660 198 Gar·
674 143 713 191 ld·

123 287 154 320 ex
164 271 192 322 cd
205 272 322 332 taurim,
337 274 357 322 si
370 289 442 338 quam
456 273 535 334 habet,
548 273 694 336 aliquantum
708 269 801 318 dccco

124 346 190 386 turus
205 339 250 395 sit;
267 348 290 386 st
303 339 410 386 Catilius
424 348 475 389 tum
490 337 588 401 denique
599 352 623 384 ae
633 335 722 400 aliquid
731 335 802 382 futu-

124 411 267 466 cumputat,
284 402 304 450 si
320 403 428 452 Allienus
445 403 522 450 minus
539 402 661 450 vehemens
678 399 759 458 fuerit,
776 407 801 446 et

126 467 170 514 sibi
184 468 269 530 primas
279 467 304 513 in
315 466 410 514 dicendo
420 475 495 530 partes
510 465 648 514 concesserit.
676 463 800 521 Quartum

126 547 197 594 quem
212 531 241 578 sit
254 530 383 590 habiturus,
398 546 445 578 non
459 531 533 590 video,
548 529 593 576 nisi
607 543 677 592 quem
691 527 751 575 forte
769 542 801 576 ex

125 595 167 642 illo
177 609 245 657 grege
255 603 405 654 matorum,
416 595 458 658 qui
468 593 655 657 subscriptionem
663 592 708 640 sibi
718 599 801 654 postu·

126 659 213 716 lirant,
222 659 358 721 cuicumque
366 674 405 706 voa
413 659 550 708 delationem
557 656 680 704 dedissetis.
697 655 738 702 Ex
746 655 802 718 qui·

128 724 180 779 bus,
200 721 342 770 alienissimis
360 723 501 781 hominibus,
520 724 553 770 ita
571 729 665 786 paratus
680 719 754 779 venis,
773 727 801 767 ut

127 785 170 834 tibi
179 786 262 848 hospes
276 786 359 850 aliquis
373 787 402 834 sit
416 786 565 850 rocipiendus.
592 785 686 844 Quibus
697 799 741 846 ego
750 797 802 858 non
854 803 856 808 v

126 865 179 898 sum
190 858 281 898 tantum
290 851 401 898 honorem
411 851 540 909 habiturus,
551 858 586 909 ut,
598 849 628 896 ad
636 864 664 896 ea
671 863 726 912 quse
733 847 801 896 duxe-
906 883 907 886 η

127 914 183 974 rint,
200 913 332 972 cortoloom
348 924 389 962 aut
405 915 538 978 singulatim
553 913 687 976 unicuique,
704 927 802 974 respou-

127 977 202 1026 deam.
219 978 258 1028 Sic
267 979 373 1038 brevitor,
382 979 492 1042 quoniam
501 993 549 1026 non
559 977 671 1034 consulto,
683 975 724 1024 sed
735 991 800 1036 cusu,
906 983 907 986 ’

128 1043 153 1090 in
164 1058 242 1090 eorum
257 1043 397 1091 mentionem
411 1043 490 1103 incidi,
506 1042 572 1106 quasi
581 1040 722 1104 praeteriens,
734 1041 801 1090 sutis-

127 1107 213 1156 iaciam
223 1107 340 1156 universis.

161 1173 233 1220 XVI.
244 1172 352 1220 'l'antdne
362 1171 425 1221 vobis
432 1171 512 1235 inopi-i
519 1170 596 1219 videor
606 1185 654 1218 esse
661 1168 801 1231 amioomm,

129 1245 156 1287 ut
166 1237 233 1296 mihi,
245 1252 291 1285 non
302 1252 332 1284 ea
341 1237 377 1284 his
388 1251 447 1300 quos
456 1251 549 1284 mecum
563 1234 707 1294 adduxerim,
719 1233 761 1282 sed
772 1234 803 1284 de

129 1303 224 1378 populo,
244 1302 381 1365 subscriptor
400 1299 516 1348 addatur?
541 1300 614 1349 Vobis
636 1307 713 1346 autem
735 1306 803 1348 nuto

129 1367 206 1429 inopia
220 1381 311 1414 reorum
325 1374 367 1423 est,
382 1374 410 1412 ut
423 1364 482 1412 milri
495 1379 587 1413 causam
601 1362 722 1428 praeripere
733 1377 802 1410 cone·

127 1429 188 1476 mini
202 1430 286 1491 potius,
301 1444 372 1492 quam
384 1429 473 1493 aliquos
488 1446 503 1477 a
516 1429 624 1477 columnis
638 1426 722 1476 Meris.
732 1426 803 1474 vestri

129 1491 216 1540 ordinis
223 1507 273 1539 reos
280 1493 414 1554 reperistis?
431 1493 565 1553 Custodem,
573 1493 658 1556 inquit,
669 1491 751 1554 Tullio
762 1505 803 1540 me

129 1555 244 1618 apponite.
261 1555 345 1613 Quid?
361 1557 420 1604 milri
431 1558 590 1622 quammultis
600 1555 732 1604 custodibus
740 1571 801 1618 opus

129 1619 665 1685 entsitesemeladmeoscapsasadmisero!
683 1619 734 1683 qui,
751 1635 801 1668 non

127 1684 205 1732 ¹nolum
220 1697 249 1731 ne
263 1683 320 1747 quid
331 1685 443 1744 enunties,
454 1686 494 1734 sed
507 1685 577 1734 etiam
591 1699 621 1732 ne
632 1684 689 1748 quid
699 1684 801 1744 aufem,

129 1747 290 1796 custodiendus
306 1749 344 1796 sis.
369 1749 414 1796 Sed
424 1749 453 1797 de
464 1751 507 1798 isto
517 1749 614 1798 custode
627 1757 677 1796 toto
692 1749 724 1796 sic
735 1749 802 1796 vobis

129 1812 261 1860 brevissime
272 1813 426 1876 respondebor
438 1828 484 1862 non
495 1829 542 1862 esse
549 1813 592 1862 hos
602 1813 658 1860 tales
668 1813 728 1860 viros
737 1827 802 1860 oom-

129 1876 246 1938 missuros,
264 1886 291 1924 ut
308 1877 338 1926 ad
353 1875 446 1925 oausam
462 1887 559 1936 tantam,
577 1893 644 1925 amc
661 1886 801 1939 susceptum,

129 1941 315 2001 nitriensium,
328 1941 449 2005 quisquam
460 1941 606 2006 subscriptor,
617 1939 746 2000 maiouim,
758 1941 802 1990 ad-

129 2005 216 2068 spirare
225 2005 303 2069 possit.
323 2005 418 2054 Etenim
428 2005 484 2054 fides
494 2021 547 2054 mea
556 2005 674 2054 custodem
683 2004 800 2068 repudiat,

129 2070 250 2134 diligentia
259 2071 423 2134 speculatorem
434 2070 572 2118 reformidat.

162 2135 261 2194 Varum,
273 2145 300 2182 ιιι
314 2135 344 2184 ad
358 2143 389 2192 te,
401 2135 487 2193 Otacili,
498 2133 597 2194 redeam,
609 2149 681 2199 quam
691 2133 767 2182 multa
777 2141 802 2182 ta

129 2197 244 2257 deficiant,
260 2198 337 2247 vides:
354 2214 426 2262 quam
440 2199 514 2246 multa
529 2199 574 2250 sint
590 2199 616 2246 in
633 2208 664 2254 tc,
680 2213 734 2261 qum
748 2213 803 2247 rena

129 2277 212 2310 nocens
220 2263 244 2310 in
255 2272 382 2311 accusatore
391 2279 431 2310 suo
440 2263 517 2326 cupiat
525 2279 580 2323 essa,
591 2262 692 2325 profecto
700 2263 752 2323 jam
763 2262 802 2310 in·

130 2327 221 2388 telligis.
238 2327 304 2385 Quid
314 2327 344 2376 ad
353 2327 402 2374 haec
412 2327 458 2375 dici
467 2329 560 2390 potest?
577 2327 633 2374 Non
642 2326 704 2374 enim
712 2342 802 2388 quaero,

130 2390 188 2452 quid
201 2399 228 2437 tu
242 2391 343 2438 dicturus
358 2390 403 2438 sis:
421 2391 487 2440 video
500 2391 559 2440 mihi
572 2405 619 2438 non
632 2400 664 2449 te,
680 2390 720 2436 scd
736 2390 803 2439 hunc

121 2453 224 2512 ¹librum,
239 2469 286 2500 osse
300 2469 470 2516 responsurum,
486 2470 556 2518 quem
572 2455 672 2502 monitor
688 2462 743 2501 tuus
756 2454 802 2504 *hia

128 2520 205 2570 taneta
223 2517 272 2578 qui,
284 2516 336 2564 site
346 2527 405 2564 recte
415 2533 507 2566 monere
517 2519 586 2577 volet,
597 2517 702 2566 suadebit
712 2517 764 2578 tibi,
772 2527 802 2567 ut

131 2577 186 2626 hinc
195 2578 304 2638 discedas,
316 2595 390 2643 neque
400 2581 459 2628 mihi
466 2584 561 2630 verbum
571 2582 648 2629 ullum
655 2581 801 2656 respondeas·

129 2640 264 2700 Quidenim
274 2642 352 2692 dicos?
368 2657 399 2692 an
408 2643 442 2704 id,
453 2645 516 2709 quod
525 2645 622 2706 dictitas,
633 2645 744 2719 iujunnm
755 2646 801 2696 tibi
