<?xml version="1.0" encoding="UTF-8"?>
<!DOCTYPE html PUBLIC "-//W3C//DTD XHTML 1.0 Transitional//EN"
    "http://www.w3.org/TR/xhtml1/DTD/xhtml1-transitional.dtd">
<html xmlns="http://www.w3.org/1999/xhtml" xml:lang="en" lang="en">
 <head>
  <title>
</title>
<meta http-equiv="Content-Type" content="text/html;charset=utf-8" />
  <meta name='ocr-system' content='tesseract 3.04.00' />
  <meta name='ocr-capabilities' content='ocr_page ocr_carea ocr_par ocr_line ocrx_word'/>
</head>
<body>
  <div class='ocr_page' id='page_1' title='image "./operaexeditioni03cicegoog_0085.png"; bbox 0 0 1824 2968; ppageno 0'>
   <div class='ocr_carea' id='block_1_1' title="bbox 140 137 740 200">
    <p class='ocr_par' dir='ltr' id='par_1_1' title="bbox 140 137 740 200">
     <span class='ocr_line' id='line_1_1' title="bbox 140 137 740 200; baseline -0.003 -8"><span class='ocrx_word' id='word_1_1' title='bbox 140 144 172 200; x_wconf 70' lang='lat'>72</span> <span class='ocrx_word' id='word_1_2' title='bbox 206 140 276 193; x_wconf 82' lang='lat' dir='ltr'>rlto</span> <span class='ocrx_word' id='word_1_3' title='bbox 292 138 418 192; x_wconf 76' lang='lat' dir='ltr'>soemo</span> <span class='ocrx_word' id='word_1_4' title='bbox 433 137 608 189; x_wconf 80' lang='lat' dir='ltr'><strong>AMERINO.</strong></span> <span class='ocrx_word' id='word_1_5' title='bbox 625 137 689 189; x_wconf 74' lang='lat' dir='ltr'>Ore.</span> <span class='ocrx_word' id='word_1_6' title='bbox 700 140 740 190; x_wconf 75' lang='lat'>3⁹.</span> 
     </span>
    </p>
   </div>
   <div class='ocr_carea' id='block_1_2' title="bbox 137 267 809 1290">
    <p class='ocr_par' dir='ltr' id='par_1_2' title="bbox 138 267 809 828">
     <span class='ocr_line' id='line_1_2' title="bbox 139 267 809 324; baseline -0.003 -4"><span class='ocrx_word' id='word_1_7' title='bbox 139 271 270 320; x_wconf 68' lang='lat' dir='ltr'>ostenderet</span> <span class='ocrx_word' id='word_1_8' title='bbox 286 285 340 319; x_wconf 89' lang='lat' dir='ltr'>curn</span> <span class='ocrx_word' id='word_1_9' title='bbox 350 267 391 318; x_wconf 84' lang='lat' dir='ltr'>illo</span> <span class='ocrx_word' id='word_1_10' title='bbox 401 268 708 324; x_wconf 71' lang='lat' dir='ltr'>connshosinireoonsilise</span> <span class='ocrx_word' id='word_1_11' title='bbox 719 268 809 318; x_wconf 81' lang='lat' dir='ltr'>horum</span> 
     </span>
     <span class='ocr_line' id='line_1_3' title="bbox 139 332 809 395; baseline -0.01 -10"><span class='ocrx_word' id='word_1_12' title='bbox 139 335 421 385; x_wconf 75' lang='lat' dir='ltr'>oonsilisillienuntiarer</span> <span class='ocrx_word' id='word_1_13' title='bbox 439 333 644 395; x_wconf 82' lang='lat' dir='ltr'>cumillopsrtem</span> <span class='ocrx_word' id='word_1_14' title='bbox 658 332 809 394; x_wconf 79' lang='lat' dir='ltr'>ruamdeps·</span> 
     </span>
     <span class='ocr_line' id='line_1_4' title="bbox 139 396 808 460; baseline -0.003 -12"><span class='ocrx_word' id='word_1_15' title='bbox 139 400 207 456; x_wconf 69' lang='lat' dir='ltr'>eiecit</span> <span class='ocrx_word' id='word_1_16' title='bbox 224 400 293 459; x_wconf 77' lang='lat' dir='ltr'>hisee,</span> <span class='ocrx_word' id='word_1_17' title='bbox 304 397 383 460; x_wconf 72' lang='lat' dir='ltr'>elque</span> <span class='ocrx_word' id='word_1_18' title='bbox 393 398 465 444; x_wconf 78' lang='lat' dir='ltr'>fretus</span> <span class='ocrx_word' id='word_1_19' title='bbox 471 396 537 455; x_wconf 74' lang='lat' dir='ltr'>hort,</span> <span class='ocrx_word' id='word_1_20' title='bbox 546 411 635 459; x_wconf 78' lang='lat' dir='ltr'>semper</span> <span class='ocrx_word' id='word_1_21' title='bbox 642 411 721 444; x_wconf 88' lang='lat' dir='ltr'>omnes</span> <span class='ocrx_word' id='word_1_22' title='bbox 729 396 808 446; x_wconf 74' lang='lat' dir='ltr'>adiere</span> 
     </span>
     <span class='ocr_line' id='line_1_5' title="bbox 140 461 808 519; baseline -0.007 -7"><span class='ocrx_word' id='word_1_23' title='bbox 140 464 170 512; x_wconf 83' lang='lat' dir='ltr'>ed</span> <span class='ocrx_word' id='word_1_24' title='bbox 189 465 278 512; x_wconf 80' lang='lat' dir='ltr'>Sullsrn</span> <span class='ocrx_word' id='word_1_25' title='bbox 296 461 452 509; x_wconf 79' lang='lat' dir='ltr'>intercludere</span> <span class='ocrx_word' id='word_1_26' title='bbox 478 462 605 518; x_wconf 87' lang='lat' dir='ltr'>Postremo,</span> <span class='ocrx_word' id='word_1_27' title='bbox 622 462 665 508; x_wconf 82' lang='lat' dir='ltr'>isto</span> <span class='ocrx_word' id='word_1_28' title='bbox 680 461 808 519; x_wconf 67' lang='lat' dir='ltr'>hortatore,</span> 
     </span>
     <span class='ocr_line' id='line_1_6' title="bbox 139 524 806 586; baseline -0.007 -10"><span class='ocrx_word' id='word_1_29' title='bbox 139 537 238 583; x_wconf 75' lang='lat' dir='ltr'>auctore,</span> <span class='ocrx_word' id='word_1_30' title='bbox 250 525 401 583; x_wconf 74' lang='lat' dir='ltr'>intercessore,</span> <span class='ocrx_word' id='word_1_31' title='bbox 412 525 442 571; x_wconf 92' lang='lat' dir='ltr'>sd</span> <span class='ocrx_word' id='word_1_32' title='bbox 453 525 542 571; x_wconf 74' lang='lat' dir='ltr'>Sullam</span> <span class='ocrx_word' id='word_1_33' title='bbox 553 524 679 586; x_wconf 73' lang='lat' dir='ltr'>legalium</span> <span class='ocrx_word' id='word_1_34' title='bbox 690 524 806 572; x_wconf 73' lang='lat' dir='ltr'>adierunt.</span> 
     </span>
     <span class='ocr_line' id='line_1_7' title="bbox 141 587 809 652; baseline -0.003 -14"><span class='ocrx_word' id='word_1_35' title='bbox 141 592 213 638; x_wconf 82' lang='lat' dir='ltr'>Istius</span> <span class='ocrx_word' id='word_1_36' title='bbox 224 589 277 647; x_wconf 84' lang='lat' dir='ltr'>fide,</span> <span class='ocrx_word' id='word_1_37' title='bbox 292 604 319 636; x_wconf 81' lang='lat' dir='ltr'>sc</span> <span class='ocrx_word' id='word_1_38' title='bbox 329 589 405 652; x_wconf 86' lang='lat' dir='ltr'>potius</span> <span class='ocrx_word' id='word_1_39' title='bbox 415 587 519 650; x_wconf 76' lang='lat' dir='ltr'>perfidid,</span> <span class='ocrx_word' id='word_1_40' title='bbox 530 587 626 650; x_wconf 84' lang='lat' dir='ltr'>decepti,</span> <span class='ocrx_word' id='word_1_41' title='bbox 644 588 687 647; x_wconf 78' lang='lat' dir='ltr'>(id,</span> <span class='ocrx_word' id='word_1_42' title='bbox 699 587 761 650; x_wconf 86' lang='lat' dir='ltr'>quod</span> <span class='ocrx_word' id='word_1_43' title='bbox 777 601 809 636; x_wconf 81' lang='lat' dir='ltr'>ex</span> 
     </span>
     <span class='ocr_line' id='line_1_8' title="bbox 139 651 808 718; baseline -0.004 -17"><span class='ocrx_word' id='word_1_44' title='bbox 139 655 195 718; x_wconf 88' lang='lat' dir='ltr'>ipsis</span> <span class='ocrx_word' id='word_1_45' title='bbox 211 668 342 715; x_wconf 85' lang='lat' dir='ltr'>oognoecere</span> <span class='ocrx_word' id='word_1_46' title='bbox 357 651 466 715; x_wconf 81' lang='lat' dir='ltr'>poteritis,</span> <span class='ocrx_word' id='word_1_47' title='bbox 478 652 497 698; x_wconf 89' lang='lat' dir='ltr'>si</span> <span class='ocrx_word' id='word_1_48' title='bbox 508 661 623 699; x_wconf 87' lang='lat' dir='ltr'>socusstor</span> <span class='ocrx_word' id='word_1_49' title='bbox 633 652 731 700; x_wconf 81' lang='lat' dir='ltr'>voluerit</span> <span class='ocrx_word' id='word_1_50' title='bbox 740 652 808 698; x_wconf 81' lang='lat' dir='ltr'>testi·</span> 
     </span>
     <span class='ocr_line' id='line_1_9' title="bbox 138 715 808 780; baseline -0.003 -16"><span class='ocrx_word' id='word_1_51' title='bbox 138 718 244 765; x_wconf 87' lang='lat' dir='ltr'>monium</span> <span class='ocrx_word' id='word_1_52' title='bbox 259 717 290 764; x_wconf 87' lang='lat' dir='ltr'>eis</span> <span class='ocrx_word' id='word_1_53' title='bbox 304 716 447 774; x_wconf 76' lang='lat' dir='ltr'>denuntiare)</span> <span class='ocrx_word' id='word_1_54' title='bbox 461 729 504 778; x_wconf 87' lang='lat' dir='ltr'>pro</span> <span class='ocrx_word' id='word_1_55' title='bbox 520 731 545 762; x_wconf 89' lang='lat' dir='ltr'>re</span> <span class='ocrx_word' id='word_1_56' title='bbox 559 715 628 775; x_wconf 74' lang='lat' dir='ltr'>certi,</span> <span class='ocrx_word' id='word_1_57' title='bbox 645 730 709 780; x_wconf 83' lang='lat' dir='ltr'>spem</span> <span class='ocrx_word' id='word_1_58' title='bbox 721 715 808 763; x_wconf 68' lang='lat' dir='ltr'>solnm</span> 
     </span>
     <span class='ocr_line' id='line_1_10' title="bbox 138 781 805 828; baseline -0.004 0"><span class='ocrx_word' id='word_1_59' title='bbox 138 781 234 828; x_wconf 88' lang='lat' dir='ltr'>domum</span> <span class='ocrx_word' id='word_1_60' title='bbox 245 781 377 828; x_wconf 85' lang='lat' dir='ltr'>retulerunt.</span> <span class='ocrx_word' id='word_1_61' title='bbox 802 809 805 815; x_wconf 94' lang='lat'>-</span> 
     </span>
    </p>

    <p class='ocr_par' dir='ltr' id='par_1_3' title="bbox 137 843 807 1290">
     <span class='ocr_line' id='line_1_11' title="bbox 171 843 807 906; baseline 0.003 -16"><span class='ocrx_word' id='word_1_62' title='bbox 171 845 201 891; x_wconf 92' lang='lat' dir='ltr'>In</span> <span class='ocrx_word' id='word_1_63' title='bbox 211 844 304 906; x_wconf 80' lang='lat' dir='ltr'>privatis</span> <span class='ocrx_word' id='word_1_64' title='bbox 314 846 390 901; x_wconf 87' lang='lat' dir='ltr'>rebus,</span> <span class='ocrx_word' id='word_1_65' title='bbox 401 843 420 890; x_wconf 81' lang='lat' dir='ltr'>si</span> <span class='ocrx_word' id='word_1_66' title='bbox 431 843 472 904; x_wconf 92' lang='lat' dir='ltr'>qul</span> <span class='ocrx_word' id='word_1_67' title='bbox 482 855 531 888; x_wconf 90' lang='lat' dir='ltr'>rem</span> <span class='ocrx_word' id='word_1_68' title='bbox 538 843 671 890; x_wconf 80' lang='lat' dir='ltr'>merrdstsm</span> <span class='ocrx_word' id='word_1_69' title='bbox 679 854 726 890; x_wconf 90' lang='lat' dir='ltr'>non</span> <span class='ocrx_word' id='word_1_70' title='bbox 733 843 807 892; x_wconf 88' lang='lat' dir='ltr'>modo</span> 
     </span>
     <span class='ocr_line' id='line_1_12' title="bbox 137 907 806 970; baseline 0 -15"><span class='ocrx_word' id='word_1_71' title='bbox 137 907 273 955; x_wconf 74' lang='lat' dir='ltr'>malitiosius</span> <span class='ocrx_word' id='word_1_72' title='bbox 283 907 393 970; x_wconf 81' lang='lat' dir='ltr'>gessisset,</span> <span class='ocrx_word' id='word_1_73' title='bbox 402 907 438 952; x_wconf 86' lang='lat' dir='ltr'>sui</span> <span class='ocrx_word' id='word_1_74' title='bbox 448 908 548 968; x_wconf 80' lang='lat' dir='ltr'>quaestds</span> <span class='ocrx_word' id='word_1_75' title='bbox 555 915 596 953; x_wconf 85' lang='lat' dir='ltr'>eut</span> <span class='ocrx_word' id='word_1_76' title='bbox 603 907 718 954; x_wconf 84' lang='lat' dir='ltr'>commodi</span> <span class='ocrx_word' id='word_1_77' title='bbox 725 907 806 966; x_wconf 63' lang='lat' dir='ltr'>deusd,</span> 
     </span>
     <span class='ocr_line' id='line_1_13' title="bbox 138 969 807 1032; baseline -0.001 -12"><span class='ocrx_word' id='word_1_78' title='bbox 138 987 219 1020; x_wconf 83' lang='lat' dir='ltr'>verum</span> <span class='ocrx_word' id='word_1_79' title='bbox 234 971 304 1018; x_wconf 83' lang='lat' dir='ltr'>etism</span> <span class='ocrx_word' id='word_1_80' title='bbox 319 969 484 1032; x_wconf 60' lang='lat' dir='ltr'>negligentium</span> <span class='ocrx_word' id='word_1_81' title='bbox 502 984 557 1016; x_wconf 88' lang='lat' dir='ltr'>eum</span> <span class='ocrx_word' id='word_1_82' title='bbox 570 972 668 1031; x_wconf 79' lang='lat' dir='ltr'>majores</span> <span class='ocrx_word' id='word_1_83' title='bbox 683 986 807 1020; x_wconf 89' lang='lat' dir='ltr'>summum</span> 
     </span>
     <span class='ocr_line' id='line_1_14' title="bbox 137 1033 806 1096; baseline -0.007 -13"><span class='ocrx_word' id='word_1_84' title='bbox 137 1035 254 1083; x_wconf 76' lang='lat' dir='ltr'>admisisse</span> <span class='ocrx_word' id='word_1_85' title='bbox 262 1035 358 1082; x_wconf 79' lang='lat' dir='ltr'>dedecus</span> <span class='ocrx_word' id='word_1_86' title='bbox 366 1033 533 1080; x_wconf 74' lang='lat' dir='ltr'>existimabant.</span> <span class='ocrx_word' id='word_1_87' title='bbox 550 1033 743 1096; x_wconf 77' lang='lat' dir='ltr'>lesquemsndsti</span> <span class='ocrx_word' id='word_1_88' title='bbox 749 1049 806 1082; x_wconf 87' lang='lat' dir='ltr'>con.</span> 
     </span>
     <span class='ocr_line' id='line_1_15' title="bbox 137 1095 805 1161; baseline -0.001 -14"><span class='ocrx_word' id='word_1_89' title='bbox 137 1099 244 1147; x_wconf 80' lang='lat' dir='ltr'>stimtum</span> <span class='ocrx_word' id='word_1_90' title='bbox 255 1107 288 1146; x_wconf 88' lang='lat' dir='ltr'>est</span> <span class='ocrx_word' id='word_1_91' title='bbox 296 1095 419 1160; x_wconf 75' lang='lat' dir='ltr'>juditium,</span> <span class='ocrx_word' id='word_1_92' title='bbox 428 1111 474 1144; x_wconf 87' lang='lat' dir='ltr'>non</span> <span class='ocrx_word' id='word_1_93' title='bbox 484 1097 562 1146; x_wconf 87' lang='lat' dir='ltr'>minue</span> <span class='ocrx_word' id='word_1_94' title='bbox 569 1106 644 1161; x_wconf 80' lang='lat' dir='ltr'>turpe,</span> <span class='ocrx_word' id='word_1_95' title='bbox 653 1099 805 1161; x_wconf 71' lang='lat' dir='ltr'>quemfurtig</span> 
     </span>
     <span class='ocr_line' id='line_1_16' title="bbox 137 1159 806 1226; baseline -0.001 -14"><span class='ocrx_word' id='word_1_96' title='bbox 137 1163 213 1222; x_wconf 70' lang='lat' dir='ltr'>medo,</span> <span class='ocrx_word' id='word_1_97' title='bbox 221 1171 348 1226; x_wconf 70' lang='lat' dir='ltr'>propterea,</span> <span class='ocrx_word' id='word_1_98' title='bbox 357 1159 428 1224; x_wconf 72' lang='lat' dir='ltr'>&#39;quod,</span> <span class='ocrx_word' id='word_1_99' title='bbox 437 1161 521 1224; x_wconf 85' lang='lat' dir='ltr'>quibus</span> <span class='ocrx_word' id='word_1_100' title='bbox 532 1161 557 1208; x_wconf 88' lang='lat' dir='ltr'>in</span> <span class='ocrx_word' id='word_1_101' title='bbox 564 1163 632 1209; x_wconf 86' lang='lat' dir='ltr'>rebus</span> <span class='ocrx_word' id='word_1_102' title='bbox 642 1161 686 1224; x_wconf 89' lang='lat' dir='ltr'>ipsi</span> <span class='ocrx_word' id='word_1_103' title='bbox 696 1163 806 1211; x_wconf 83' lang='lat' dir='ltr'>interesse</span> 
     </span>
     <span class='ocr_line' id='line_1_17' title="bbox 137 1225 806 1290; baseline -0.01 -15"><span class='ocrx_word' id='word_1_104' title='bbox 137 1243 184 1276; x_wconf 91' lang='lat' dir='ltr'>non</span> <span class='ocrx_word' id='word_1_105' title='bbox 190 1226 403 1290; x_wconf 88' lang='lat' dir='ltr'>possumus,inhis,</span> <span class='ocrx_word' id='word_1_106' title='bbox 412 1241 486 1288; x_wconf 78' lang='lat' dir='ltr'>operte</span> <span class='ocrx_word' id='word_1_107' title='bbox 494 1225 672 1284; x_wconf 77' lang='lat' dir='ltr'>nostrervicsris,</span> <span class='ocrx_word' id='word_1_108' title='bbox 680 1226 736 1274; x_wconf 84' lang='lat' dir='ltr'>fides</span> <span class='ocrx_word' id='word_1_109' title='bbox 744 1225 806 1274; x_wconf 79' lang='lat' dir='ltr'>sini.</span> 
     </span>
    </p>
   </div>
   <div class='ocr_carea' id='block_1_3' title="bbox 50 1288 807 1363">
    <p class='ocr_par' dir='ltr' id='par_1_4' title="bbox 50 1288 807 1363">
     <span class='ocr_line' id='line_1_18' title="bbox 50 1288 807 1363; baseline -0.012 -22"><span class='ocrx_word' id='word_1_110' title='bbox 50 1313 59 1332; x_wconf 63' lang='grc' dir='ltr'><em>ι</em></span> <span class='ocrx_word' id='word_1_111' title='bbox 137 1307 217 1340; x_wconf 85' lang='lat' dir='ltr'>norum</span> <span class='ocrx_word' id='word_1_112' title='bbox 229 1291 380 1354; x_wconf 77' lang='lat' dir='ltr'>supponiturr</span> <span class='ocrx_word' id='word_1_113' title='bbox 397 1304 468 1363; x_wconf 70' lang='lat' dir='ltr'>quern</span> <span class='ocrx_word' id='word_1_114' title='bbox 483 1289 523 1351; x_wconf 88' lang='lat' dir='ltr'>qui</span> <span class='ocrx_word' id='word_1_115' title='bbox 537 1288 608 1347; x_wconf 75' lang='lat' dir='ltr'>ledit,</span> <span class='ocrx_word' id='word_1_116' title='bbox 620 1299 739 1354; x_wconf 76' lang='lat' dir='ltr'>oppugnet</span> <span class='ocrx_word' id='word_1_117' title='bbox 752 1305 807 1338; x_wconf 88' lang='lat' dir='ltr'>om.</span> 
     </span>
    </p>
   </div>
   <div class='ocr_carea' id='block_1_4' title="bbox 128 1353 806 2696">
    <p class='ocr_par' dir='ltr' id='par_1_5' title="bbox 134 1353 806 2053">
     <span class='ocr_line' id='line_1_19' title="bbox 137 1353 806 1480; baseline 0.003 -15"><span class='ocrx_word' id='word_1_118' title='bbox 137 1353 806 1480; x_wconf 49' lang='lat' dir='ltr'>ttlrtmttzttffilutttffttltttt</span> 
     </span>
     <span class='ocr_line' id='line_1_20' title="bbox 136 1479 805 1544; baseline 0.001 -14"><span class='ocrx_word' id='word_1_119' title='bbox 136 1495 311 1544; x_wconf 83' lang='lat' dir='ltr'>pernossgere:</span> <span class='ocrx_word' id='word_1_120' title='bbox 329 1479 698 1544; x_wconf 71' lang='lat' dir='ltr'>sliusinalilestremsgisutilr&#39;s.</span> <span class='ocrx_word' id='word_1_121' title='bbox 713 1483 805 1531; x_wconf 85' lang='lat' dir='ltr'>Idcirco</span> 
     </span>
     <span class='ocr_line' id='line_1_21' title="bbox 137 1544 806 1606; baseline -0.001 -15"><span class='ocrx_word' id='word_1_122' title='bbox 137 1544 242 1592; x_wconf 83' lang='lat' dir='ltr'>smioitiae</span> <span class='ocrx_word' id='word_1_123' title='bbox 253 1553 421 1606; x_wconf 78' lang='lat' dir='ltr'>competentur,</span> <span class='ocrx_word' id='word_1_124' title='bbox 430 1553 458 1591; x_wconf 90' lang='lat' dir='ltr'>ut</span> <span class='ocrx_word' id='word_1_125' title='bbox 464 1559 587 1592; x_wconf 88' lang='lat' dir='ltr'>commune</span> <span class='ocrx_word' id='word_1_126' title='bbox 594 1546 742 1594; x_wconf 85' lang='lat' dir='ltr'>commodum</span> <span class='ocrx_word' id='word_1_127' title='bbox 749 1561 806 1595; x_wconf 87' lang='lat' dir='ltr'>mu.</span> 
     </span>
     <span class='ocr_line' id='line_1_22' title="bbox 136 1607 805 1672; baseline 0.004 -16"><span class='ocrx_word' id='word_1_128' title='bbox 136 1607 182 1656; x_wconf 86' lang='lat' dir='ltr'>tuis</span> <span class='ocrx_word' id='word_1_129' title='bbox 192 1607 271 1654; x_wconf 82' lang='lat' dir='ltr'>officiis</span> <span class='ocrx_word' id='word_1_130' title='bbox 281 1609 426 1669; x_wconf 80' lang='lat' dir='ltr'>gubernetur.</span> <span class='ocrx_word' id='word_1_131' title='bbox 450 1607 514 1666; x_wconf 87' lang='lat' dir='ltr'>Quid</span> <span class='ocrx_word' id='word_1_132' title='bbox 527 1608 607 1672; x_wconf 84' lang='lat' dir='ltr'>recipis</span> <span class='ocrx_word' id='word_1_133' title='bbox 621 1610 767 1671; x_wconf 80' lang='lat' dir='ltr'>mendarum,</span> <span class='ocrx_word' id='word_1_134' title='bbox 783 1612 805 1659; x_wconf 88' lang='lat' dir='ltr'>si</span> 
     </span>
     <span class='ocr_line' id='line_1_23' title="bbox 136 1671 805 1734; baseline -0.001 -15"><span class='ocrx_word' id='word_1_135' title='bbox 136 1680 178 1719; x_wconf 86' lang='lat' dir='ltr'>sut</span> <span class='ocrx_word' id='word_1_136' title='bbox 187 1672 339 1734; x_wconf 79' lang='lat' dir='ltr'>neglecturus,</span> <span class='ocrx_word' id='word_1_137' title='bbox 350 1680 391 1718; x_wconf 86' lang='lat' dir='ltr'>sut</span> <span class='ocrx_word' id='word_1_138' title='bbox 401 1671 431 1718; x_wconf 83' lang='lat' dir='ltr'>ed</span> <span class='ocrx_word' id='word_1_139' title='bbox 441 1679 509 1718; x_wconf 86' lang='lat' dir='ltr'>tuum</span> <span class='ocrx_word' id='word_1_140' title='bbox 524 1673 671 1720; x_wconf 79' lang='lat' dir='ltr'>commodum</span> <span class='ocrx_word' id='word_1_141' title='bbox 682 1689 805 1723; x_wconf 83' lang='lat' dir='ltr'>oonrersu.</span> 
     </span>
     <span class='ocr_line' id='line_1_24' title="bbox 135 1735 804 1799; baseline 0 -17"><span class='ocrx_word' id='word_1_142' title='bbox 135 1751 175 1783; x_wconf 86' lang='lat' dir='ltr'>rus</span> <span class='ocrx_word' id='word_1_143' title='bbox 186 1739 230 1783; x_wconf 83' lang='lat' dir='ltr'>es?</span> <span class='ocrx_word' id='word_1_144' title='bbox 247 1735 296 1782; x_wconf 85' lang='lat' dir='ltr'>Gur</span> <span class='ocrx_word' id='word_1_145' title='bbox 306 1735 364 1782; x_wconf 84' lang='lat' dir='ltr'>milri</span> <span class='ocrx_word' id='word_1_146' title='bbox 375 1745 398 1783; x_wconf 88' lang='lat' dir='ltr'>te</span> <span class='ocrx_word' id='word_1_147' title='bbox 408 1735 483 1794; x_wconf 84' lang='lat' dir='ltr'>offers,</span> <span class='ocrx_word' id='word_1_148' title='bbox 494 1751 521 1783; x_wconf 90' lang='lat' dir='ltr'>sc</span> <span class='ocrx_word' id='word_1_149' title='bbox 534 1737 591 1784; x_wconf 88' lang='lat' dir='ltr'>meis</span> <span class='ocrx_word' id='word_1_150' title='bbox 605 1737 739 1799; x_wconf 84' lang='lat' dir='ltr'>commodis,</span> <span class='ocrx_word' id='word_1_151' title='bbox 751 1739 804 1787; x_wconf 76' lang='lat' dir='ltr'>offi-</span> 
     </span>
     <span class='ocr_line' id='line_1_25' title="bbox 136 1798 803 1858; baseline 0.009 -13"><span class='ocrx_word' id='word_1_152' title='bbox 136 1798 172 1846; x_wconf 85' lang='lat' dir='ltr'>cio</span> <span class='ocrx_word' id='word_1_153' title='bbox 186 1799 301 1858; x_wconf 74' lang='lat' dir='ltr'>dmulsto,</span> <span class='ocrx_word' id='word_1_154' title='bbox 316 1799 391 1847; x_wconf 82' lang='lat' dir='ltr'>¹oillcis</span> <span class='ocrx_word' id='word_1_155' title='bbox 407 1809 430 1847; x_wconf 84' lang='lat' dir='ltr'>et</span> <span class='ocrx_word' id='word_1_156' title='bbox 448 1802 542 1847; x_wconf 76' lang='lat' dir='ltr'>obstes?</span> <span class='ocrx_word' id='word_1_157' title='bbox 559 1801 649 1848; x_wconf 81' lang='lat' dir='ltr'>Recede</span> <span class='ocrx_word' id='word_1_158' title='bbox 666 1801 695 1849; x_wconf 86' lang='lat' dir='ltr'>de</span> <span class='ocrx_word' id='word_1_159' title='bbox 709 1802 803 1851; x_wconf 76' lang='lat' dir='ltr'>medior</span> 
     </span>
     <span class='ocr_line' id='line_1_26' title="bbox 134 1862 804 1929; baseline 0.01 -20"><span class='ocrx_word' id='word_1_160' title='bbox 134 1878 176 1926; x_wconf 87' lang='lat' dir='ltr'>per</span> <span class='ocrx_word' id='word_1_161' title='bbox 186 1862 259 1910; x_wconf 80' lang='lat' dir='ltr'>nlium</span> <span class='ocrx_word' id='word_1_162' title='bbox 269 1864 400 1926; x_wconf 76' lang='lat' dir='ltr'>transigam.</span> <span class='ocrx_word' id='word_1_163' title='bbox 426 1863 529 1926; x_wconf 78' lang='lat' dir='ltr'>suscipis</span> <span class='ocrx_word' id='word_1_164' title='bbox 540 1879 598 1912; x_wconf 89' lang='lat' dir='ltr'>onus</span> <span class='ocrx_word' id='word_1_165' title='bbox 613 1864 689 1924; x_wconf 83' lang='lat' dir='ltr'>officii,</span> <span class='ocrx_word' id='word_1_166' title='bbox 704 1867 767 1929; x_wconf 88' lang='lat' dir='ltr'>quod</span> <span class='ocrx_word' id='word_1_167' title='bbox 778 1876 804 1917; x_wconf 87' lang='lat' dir='ltr'>te</span> 
     </span>
     <span class='ocr_line' id='line_1_27' title="bbox 134 1926 804 2002; baseline 0.01 -29"><span class='ocrx_word' id='word_1_168' title='bbox 134 1936 203 2002; x_wconf 82' lang='lat' dir='ltr'>putes</span> <span class='ocrx_word' id='word_1_169' title='bbox 217 1926 327 1974; x_wconf 88' lang='lat' dir='ltr'>sustinere</span> <span class='ocrx_word' id='word_1_170' title='bbox 343 1941 424 1988; x_wconf 78' lang='lat' dir='ltr'>posse3</span> <span class='ocrx_word' id='word_1_171' title='bbox 442 1927 504 1990; x_wconf 87' lang='lat' dir='ltr'>quod</span> <span class='ocrx_word' id='word_1_172' title='bbox 518 1927 613 1976; x_wconf 88' lang='lat' dir='ltr'>minime</span> <span class='ocrx_word' id='word_1_173' title='bbox 627 1928 718 1976; x_wconf 86' lang='lat' dir='ltr'>videtur</span> <span class='ocrx_word' id='word_1_174' title='bbox 731 1947 804 1994; x_wconf 82' lang='lat' dir='ltr'>greve</span> 
     </span>
     <span class='ocr_line' id='line_1_28' title="bbox 134 1989 779 2053; baseline 0.005 -16"><span class='ocrx_word' id='word_1_175' title='bbox 134 1991 171 2050; x_wconf 85' lang='lat' dir='ltr'>ris,</span> <span class='ocrx_word' id='word_1_176' title='bbox 200 1991 224 2038; x_wconf 90' lang='lat' dir='ltr'>ui</span> <span class='ocrx_word' id='word_1_177' title='bbox 234 1990 331 2038; x_wconf 86' lang='lat' dir='ltr'>minime</span> <span class='ocrx_word' id='word_1_178' title='bbox 340 1989 385 2053; x_wconf 87' lang='lat' dir='ltr'>ipsi</span> <span class='ocrx_word' id='word_1_179' title='bbox 394 1991 454 2038; x_wconf 84' lang='lat' dir='ltr'>leves</span> <span class='ocrx_word' id='word_1_180' title='bbox 465 2000 525 2039; x_wconf 80' lang='lat' dir='ltr'>sunt</span> <span class='ocrx_word' id='word_1_181' title='bbox 777 2021 779 2028; x_wconf 44' lang='grc' dir='ltr'><em>ν</em></span> 
     </span>
    </p>

    <p class='ocr_par' dir='ltr' id='par_1_6' title="bbox 128 2054 803 2696">
     <span class='ocr_line' id='line_1_29' title="bbox 246 2054 803 2123; baseline 0.014 -22"><span class='ocrx_word' id='word_1_182' title='bbox 246 2054 291 2102; x_wconf 83' lang='grc' dir='ltr'>ΙΧ.</span> <span class='ocrx_word' id='word_1_183' title='bbox 307 2055 372 2117; x_wconf 86' lang='lat' dir='ltr'>Ergo</span> <span class='ocrx_word' id='word_1_184' title='bbox 382 2055 464 2103; x_wconf 82' lang='lat' dir='ltr'>idcireo</span> <span class='ocrx_word' id='word_1_185' title='bbox 472 2056 545 2119; x_wconf 87' lang='lat' dir='ltr'>turpis</span> <span class='ocrx_word' id='word_1_186' title='bbox 552 2056 601 2104; x_wconf 76' lang='lat' dir='ltr'>hec</span> <span class='ocrx_word' id='word_1_187' title='bbox 608 2057 676 2120; x_wconf 80' lang='lat' dir='ltr'>culpe</span> <span class='ocrx_word' id='word_1_188' title='bbox 686 2067 728 2117; x_wconf 66' lang='grc' dir='ltr'>αι,</span> <span class='ocrx_word' id='word_1_189' title='bbox 737 2061 803 2123; x_wconf 87' lang='lat' dir='ltr'>quod</span> 
     </span>
     <span class='ocr_line' id='line_1_30' title="bbox 134 2118 803 2179; baseline 0.009 -12"><span class='ocrx_word' id='word_1_190' title='bbox 134 2118 390 2168; x_wconf 81' lang='lat' dir='ltr'>duseresssnctissimes</span> <span class='ocrx_word' id='word_1_191' title='bbox 398 2119 475 2179; x_wconf 81' lang='lat' dir='ltr'>violet,</span> <span class='ocrx_word' id='word_1_192' title='bbox 484 2120 608 2168; x_wconf 73' lang='lat' dir='ltr'>amicitiem</span> <span class='ocrx_word' id='word_1_193' title='bbox 616 2130 639 2170; x_wconf 87' lang='lat' dir='ltr'>et</span> <span class='ocrx_word' id='word_1_194' title='bbox 646 2121 729 2172; x_wconf 74' lang='lat' dir='ltr'>fidem:</span> <span class='ocrx_word' id='word_1_195' title='bbox 744 2138 803 2173; x_wconf 75' lang='lat' dir='ltr'>nem</span> 
     </span>
     <span class='ocr_line' id='line_1_31' title="bbox 133 2182 802 2293; baseline 0.009 -64"><span class='ocrx_word' id='word_1_196' title='bbox 133 2182 314 2246; x_wconf 83' lang='lat' dir='ltr'>neque·msndst</span> <span class='ocrx_word' id='word_1_197' title='bbox 321 2183 444 2293; x_wconf 54' lang='lat' dir='ltr'>quispulsm</span> <span class='ocrx_word' id='word_1_198' title='bbox 454 2184 510 2242; x_wconf 84' lang='lat' dir='ltr'>fere,</span> <span class='ocrx_word' id='word_1_199' title='bbox 518 2184 562 2231; x_wconf 89' lang='lat' dir='ltr'>nisi</span> <span class='ocrx_word' id='word_1_200' title='bbox 570 2185 659 2242; x_wconf 67' lang='lat' dir='ltr'>emicet</span> <span class='ocrx_word' id='word_1_201' title='bbox 671 2201 802 2250; x_wconf 85' lang='lat' dir='ltr'>nequecre·</span> 
     </span>
     <span class='ocr_line' id='line_1_32' title="bbox 132 2246 802 2314; baseline 0.003 -22"><span class='ocrx_word' id='word_1_202' title='bbox 132 2247 175 2304; x_wconf 86' lang='lat' dir='ltr'>dit,</span> <span class='ocrx_word' id='word_1_203' title='bbox 187 2246 232 2293; x_wconf 89' lang='lat' dir='ltr'>nisi</span> <span class='ocrx_word' id='word_1_204' title='bbox 242 2246 271 2302; x_wconf 83' lang='lat' dir='ltr'>ei,</span> <span class='ocrx_word' id='word_1_205' title='bbox 283 2258 353 2309; x_wconf 86' lang='lat' dir='ltr'>quem</span> <span class='ocrx_word' id='word_1_206' title='bbox 415 2262 453 2294; x_wconf 89' lang='lat' dir='ltr'>em</span> <span class='ocrx_word' id='word_1_207' title='bbox 462 2255 535 2310; x_wconf 75' lang='lat' dir='ltr'>putet.</span> <span class='ocrx_word' id='word_1_208' title='bbox 553 2248 704 2297; x_wconf 87' lang='lat' dir='ltr'>Perditissimi</span> <span class='ocrx_word' id='word_1_209' title='bbox 714 2260 748 2299; x_wconf 87' lang='lat' dir='ltr'>est</span> <span class='ocrx_word' id='word_1_210' title='bbox 756 2253 802 2314; x_wconf 80' lang='lat' dir='ltr'>igi.</span> 
     </span>
     <span class='ocr_line' id='line_1_33' title="bbox 132 2308 802 2372; baseline 0.009 -14"><span class='ocrx_word' id='word_1_211' title='bbox 132 2318 171 2358; x_wconf 92' lang='lat' dir='ltr'>tur</span> <span class='ocrx_word' id='word_1_212' title='bbox 181 2308 289 2368; x_wconf 64' lang='lat' dir='ltr'>hominis</span> <span class='ocrx_word' id='word_1_213' title='bbox 298 2309 367 2355; x_wconf 91' lang='lat' dir='ltr'>simul</span> <span class='ocrx_word' id='word_1_214' title='bbox 379 2319 402 2357; x_wconf 87' lang='lat' dir='ltr'>et</span> <span class='ocrx_word' id='word_1_215' title='bbox 411 2310 536 2358; x_wconf 72' lang='lat' dir='ltr'>amicitiem</span> <span class='ocrx_word' id='word_1_216' title='bbox 546 2311 675 2372; x_wconf 84' lang='lat' dir='ltr'>dissolvere,</span> <span class='ocrx_word' id='word_1_217' title='bbox 687 2323 710 2362; x_wconf 91' lang='lat' dir='ltr'>et</span> <span class='ocrx_word' id='word_1_218' title='bbox 719 2315 802 2365; x_wconf 75' lang='lat' dir='ltr'>fellere</span> 
     </span>
     <span class='ocr_line' id='line_1_34' title="bbox 132 2372 800 2446; baseline 0.012 -26"><span class='ocrx_word' id='word_1_219' title='bbox 132 2388 195 2430; x_wconf 84' lang='lat' dir='ltr'>erun,</span> <span class='ocrx_word' id='word_1_220' title='bbox 207 2372 248 2446; x_wconf 80' lang='lat' dir='ltr'>qui</span> <span class='ocrx_word' id='word_1_221' title='bbox 258 2373 326 2419; x_wconf 69' lang='lat' dir='ltr'>lesus</span> <span class='ocrx_word' id='word_1_222' title='bbox 336 2387 382 2420; x_wconf 87' lang='lat' dir='ltr'>non</span> <span class='ocrx_word' id='word_1_223' title='bbox 390 2383 456 2431; x_wconf 65' lang='lat' dir='ltr'>meet,</span> <span class='ocrx_word' id='word_1_224' title='bbox 464 2374 651 2424; x_wconf 83' lang='lat' dir='ltr'>nisicredidisset.</span> <span class='ocrx_word' id='word_1_225' title='bbox 669 2377 736 2427; x_wconf 81' lang='lat' dir='ltr'>ltene</span> <span class='ocrx_word' id='word_1_226' title='bbox 746 2381 800 2428; x_wconf 76' lang='lat' dir='ltr'>est?</span> 
     </span>
     <span class='ocr_line' id='line_1_35' title="bbox 129 2435 800 2507; baseline 0.013 -24"><span class='ocrx_word' id='word_1_227' title='bbox 129 2437 156 2483; x_wconf 84' lang='lat' dir='ltr'>in</span> <span class='ocrx_word' id='word_1_228' title='bbox 167 2435 268 2482; x_wconf 82' lang='lat' dir='ltr'>minimis</span> <span class='ocrx_word' id='word_1_229' title='bbox 279 2437 354 2494; x_wconf 87' lang='lat' dir='ltr'>rebus,</span> <span class='ocrx_word' id='word_1_230' title='bbox 365 2437 406 2499; x_wconf 89' lang='lat' dir='ltr'>qui</span> <span class='ocrx_word' id='word_1_231' title='bbox 416 2438 552 2486; x_wconf 73' lang='lat' dir='ltr'>mundatum</span> <span class='ocrx_word' id='word_1_232' title='bbox 566 2441 699 2503; x_wconf 83' lang='lat' dir='ltr'>neglexerit,</span> <span class='ocrx_word' id='word_1_233' title='bbox 714 2445 800 2507; x_wconf 86' lang='lat' dir='ltr'>turpis-</span> 
     </span>
     <span class='ocr_line' id='line_1_36' title="bbox 130 2498 799 2569; baseline 0.018 -24"><span class='ocrx_word' id='word_1_234' title='bbox 130 2500 191 2548; x_wconf 84' lang='lat' dir='ltr'>simo</span> <span class='ocrx_word' id='word_1_235' title='bbox 204 2498 291 2559; x_wconf 84' lang='lat' dir='ltr'>judicio</span> <span class='ocrx_word' id='word_1_236' title='bbox 305 2499 476 2559; x_wconf 80' lang='lat' dir='ltr'>condemnetur,</span> <span class='ocrx_word' id='word_1_237' title='bbox 487 2515 576 2550; x_wconf 88' lang='lat' dir='ltr'>necesse</span> <span class='ocrx_word' id='word_1_238' title='bbox 587 2513 634 2552; x_wconf 79' lang='lat' dir='ltr'>ests</span> <span class='ocrx_word' id='word_1_239' title='bbox 651 2505 677 2551; x_wconf 93' lang='lat' dir='ltr'>in</span> <span class='ocrx_word' id='word_1_240' title='bbox 689 2521 714 2553; x_wconf 85' lang='lat' dir='ltr'>re</span> <span class='ocrx_word' id='word_1_241' title='bbox 725 2509 799 2569; x_wconf 72' lang='lat' dir='ltr'>nuti,</span> 
     </span>
     <span class='ocr_line' id='line_1_37' title="bbox 129 2560 802 2627; baseline 0.012 -17"><span class='ocrx_word' id='word_1_242' title='bbox 129 2577 185 2610; x_wconf 81' lang='lat' dir='ltr'>num</span> <span class='ocrx_word' id='word_1_243' title='bbox 196 2561 224 2620; x_wconf 81' lang='lat' dir='ltr'>is,</span> <span class='ocrx_word' id='word_1_244' title='bbox 235 2561 273 2609; x_wconf 71' lang='lat' dir='ltr'>ciri</span> <span class='ocrx_word' id='word_1_245' title='bbox 283 2560 346 2608; x_wconf 77' lang='lat' dir='ltr'>fame</span> <span class='ocrx_word' id='word_1_246' title='bbox 355 2564 449 2622; x_wconf 86' lang='lat' dir='ltr'>mortui,</span> <span class='ocrx_word' id='word_1_247' title='bbox 460 2565 557 2614; x_wconf 75' lang='lat' dir='ltr'>toruus</span> <span class='ocrx_word' id='word_1_248' title='bbox 567 2567 621 2627; x_wconf 82' lang='lat' dir='ltr'>viri,</span> <span class='ocrx_word' id='word_1_249' title='bbox 633 2571 802 2622; x_wconf 65' lang='lat' dir='ltr'>communit·</span> 
     </span>
     <span class='ocr_line' id='line_1_38' title="bbox 128 2625 800 2696; baseline 0.01 -20"><span class='ocrx_word' id='word_1_250' title='bbox 128 2634 185 2676; x_wconf 78' lang='lat' dir='ltr'>eunt</span> <span class='ocrx_word' id='word_1_251' title='bbox 203 2625 430 2688; x_wconf 23' lang='lat' dir='ltr'>etquelnencreditre,</span> <span class='ocrx_word' id='word_1_252' title='bbox 450 2625 545 2688; x_wconf 75' lang='lat' dir='ltr'>[demto</span> <span class='ocrx_word' id='word_1_253' title='bbox 556 2633 659 2696; x_wconf 60' lang='lat' dir='ltr'>vivum]</span> <span class='ocrx_word' id='word_1_254' title='bbox 670 2630 800 2695; x_wconf 76' lang='lat' dir='ltr'>igrrominrt</span> 
     </span>
    </p>
   </div>
   <div class='ocr_carea' id='block_1_5' title="bbox 0 0 916 2968">
    <p class='ocr_par' dir='ltr' id='par_1_7' title="bbox 0 0 916 2968">
     <span class='ocr_line' id='line_1_39' title="bbox 0 0 916 2968; baseline 0 3"><span class='ocrx_word' id='word_1_255' title='bbox 0 0 916 2968; x_wconf 95' lang='lat' dir='ltr'> </span> 
     </span>
    </p>
   </div>
  </div>
 </body>
</html>
