1824 2956
260 161 299 210 ru
316 159 465 212 vannnnt
482 161 528 211 ιν.
540 161 604 212 cn.
615 163 655 211 21.
742 162 791 230 son
887 191 892 196 -

123 305 151 338 aa
158 287 264 338 manno
274 300 373 354 questu,
384 299 472 339 tantam
483 299 548 339 tuam
559 291 688 350 infamiam,
700 297 791 339 annam

122 353 204 417 ospitis
214 355 249 401 tui
259 354 450 419 sortimur-umque
459 356 587 420 perieulum
598 355 739 419 neglexisse;
755 363 791 414 ut,

122 433 177 465 oum
187 418 258 466 totius
269 419 351 467 Sintia
365 419 468 483 quotidie
480 420 580 482 gemitus
594 419 793 483 querimoniasque

119 481 229 538 audireer
247 497 309 542 curn,
320 493 348 530 ut
357 484 406 558 ipse
415 483 502 542 dixisti,
513 498 579 531 reum
590 493 613 531 te
623 484 672 532 fore
681 491 790 546 putaresr

122 557 177 594 oum
188 545 285 608 hujusce
300 547 381 608 juditii
391 547 511 596 discrimen
522 550 552 596 ab
562 548 670 611 opinione
688 546 728 594 tui
744 562 791 595 non

121 609 270 667 abhorrerete
298 619 399 674 paterere
417 619 494 659 temen
513 621 611 660 aratores
628 611 794 674 indigniisimis

121 674 213 734 injuriis
230 677 308 722 vexari
325 691 351 723 ao
369 675 456 739 diripi?
477 676 590 736 Proiecto,
605 691 748 740 quamquam
769 691 794 724 eo

121 737 235 801 singulari
245 739 377 787 erudelitate
387 749 410 788 et
420 739 524 798 sudarii,
536 749 613 788 tomen
625 743 666 789 abs
683 748 706 787 te
720 749 793 788 totam

121 801 218 849 alienari
232 803 381 876 provinciam,
397 812 431 851 tot
447 803 551 852 homines
565 804 734 852 honestissimos
750 804 793 852 tibi

122 865 292 914 inimicissimos
314 867 371 927 lieri,
393 868 473 926 nolles,
491 867 535 915 nisi
553 868 613 915 hane
637 869 749 916 rationem
771 877 794 916 et
827 901 829 910 r

122 929 284 992 cogitationen
295 931 374 978 salutis
384 940 439 992 tuse,
450 932 553 996 pecunie
563 931 682 996 cupiditas,
694 949 720 980 ae
735 947 794 996 pre-

123 1009 176 1042 seras
186 994 227 1041 illa
237 995 322 1058 prode,
334 1005 456 1059 superaret.
481 995 585 1054 Etenim,
602 997 711 1060 quoniam
729 1011 794 1044 sum·

122 1073 189 1107 mem
206 1065 230 1105 et
246 1073 370 1106 numerum
387 1060 532 1121 injuriarum,
551 1060 648 1121 judices,
666 1061 730 1108 vobis
746 1075 793 1108 non

122 1136 217 1188 possum
229 1137 357 1186 exponeret
377 1124 510 1186 singillatim
522 1134 599 1172 autem
610 1124 639 1171 de
649 1124 795 1186 uniuscujus-

123 1201 171 1250 que
184 1186 330 1235 incommodo
348 1187 422 1235 dicere
438 1188 555 1236 inlinitum
573 1196 622 1245 est,
643 1203 727 1251 genera
744 1189 795 1251 ipsa

123 1249 270 1312 injuriarum,
281 1266 367 1315 quaeeo,
378 1253 511 1315 oognosoite.

122 1347 126 1356 .
141 1314 228 1362 ·ΧΧῐ.
246 1315 359 1378 Nympho
375 1325 409 1363 est
422 1315 594 1379 Centuripinus,
606 1315 676 1362 homo
686 1329 759 1363 uerus
771 1324 794 1363 et

122 1378 259 1436 industrius,
280 1380 486 1443 experientissimus
501 1395 527 1427 sc
541 1379 728 1442 diligentissimus
745 1395 795 1426 ars·

125 1453 170 1492 tor.
197 1441 222 1489 Is
239 1458 292 1490 erun
310 1445 421 1492 medones
442 1459 537 1506 magnos
558 1444 681 1492 conductos
702 1443 796 1492 heberet

126 1503 200 1584 (quod
211 1506 316 1556 homines
326 1509 395 1556 etiam
407 1509 540 1573 locupletes,
552 1508 610 1556 sieut
620 1509 659 1556 ille
670 1517 712 1568 est,
723 1509 748 1556 in
759 1508 796 1558 Si·

123 1572 180 1620 ¹tulii
196 1570 270 1620 facere
287 1581 471 1632 consueverunt),
487 1589 570 1636 easque
584 1574 670 1636 magni
680 1572 794 1636 impensi,

124 1649 212 1700 magno
225 1635 385 1697 instrumento,
401 1645 513 1694 tueretur;
537 1637 601 1685 tantia
617 1639 646 1684 ab
657 1637 700 1684 isto
710 1635 796 1700 iniqui·

125 1710 173 1749 tote
187 1713 306 1762 oppressus
320 1710 363 1762 est,
376 1710 403 1749 ut
419 1717 466 1749 nou
480 1701 549 1750 modo
560 1701 671 1748 arationes
681 1701 796 1763 relinque-

125 1774 170 1824 ret,
188 1767 236 1813 sed'
247 1765 317 1814 etiem
334 1781 363 1812 ex
381 1765 459 1814 siniit
477 1765 617 1828 profugeret,
636 1765 793 1826 Romamque,

126 1829 239 1880 unicum
249 1830 331 1876 multis
339 1830 369 1876 ab
379 1830 424 1895 isto
434 1830 519 1891 ejectis,
530 1825 624 1877 veniret.
641 1827 706 1874 Ferit
718 1836 743 1873 ut
754 1826 795 1874 de.

84 1945 88 1952 ,
124 1909 239 1944 eumenus
255 1893 420 1957 Nymphonem
435 1901 536 1956 negaret,
551 1905 580 1940 ex
591 1890 664 1940 edicto
680 1891 721 1937 illo
735 1905 795 1953 prte-

124 1959 196 2018 elaro,
208 1958 271 2024 quod
281 1957 370 2004 nullam
381 1958 411 2005 ad
421 1958 491 2005 aliam
501 1972 559 2015 um,
570 1955 615 2002 nisi
623 1954 652 2002 ad
660 1953 795 2016 hujusmodi

124 2033 229 2087 qnaestus
248 2023 384 2087 pertinebat,
402 2036 525 2070 numerum
542 2022 652 2082 jugerum
666 2019 794 2083 professum

121 2102 180 2135 Q·
683 2113 687 2120 .

157 2151 273 2216 Nympho
288 2165 342 2198 eum
359 2165 383 2198 se
399 2150 468 2198 vellet
482 2161 548 2214 equo
563 2145 650 2211 judicio
660 2145 792 2205 defendere,

123 2215 170 2263 iste
180 2216 240 2264 viros
250 2215 348 2289 optimos
363 2223 529 2289 recuperatore
545 2213 592 2288 dot,
604 2211 712 2259 eumdem
725 2210 794 2257 illum

124 2279 242 2354 medicum
258 2279 391 2354 Cornelium
406 2282 435 2354 (rs
450 2286 484 2353 est
500 2275 661 2325 Artemidorus
677 2277 794 2352 lesgans,

123 2357 168 2454 qur
181 2357 211 2420 an.
220 2344 263 2391 sui
279 2343 353 2418 pomi
364 2342 413 2390 dua
423 2355 460 2390 rsn
475 2341 592 2418 quondam
603 2347 626 2386 et
636 2349 753 2414 magister,
764 2337 795 2386 ad

141 2407 300 2470 espolrandum
312 2405 603 2470 Dranaeternplum‚fu1t),
619 2415 642 2454 et
651 2406 794 2468 hantsprtern

124 2471 290 2530 Volusianum,
302 2479 325 2517 et
336 2470 458 2520 Valerium
468 2485 603 2534 preconem.
621 2468 743 2534 Nympho,
752 2480 795 2514 au·

122 2544 221 2600 tequam
231 2536 300 2598 plane
314 2534 422 2594 constitit,
439 2535 610 2584 nondemnatur.
632 2533 730 2594 Quanti,
747 2531 795 2577 for·

125 2607 186 2648 tasse
203 2600 312 2663 queritis.
337 2599 411 2647 Nulla
426 2609 473 2647 eret
487 2599 554 2647 edicti
566 2616 634 2662 pona
644 2607 719 2648 certa:
743 2594 795 2640 fru-

124 2664 200 2718 metti
211 2664 262 2725 ejus
271 2663 354 2724 omnis,
365 2661 427 2727 quod
437 2662 462 2712 in
472 2663 530 2714 ereis
540 2673 604 2713 esset.
620 2663 660 2714 Sio
675 2663 795 2724 Apromut
