1828 2966
258 144 299 194 ru
315 121 465 200 varanis
482 144 519 194 11.
535 143 637 203 ocur.
737 125 800 192 iso*

7 271 17 282 “
108 271 786 337 nemretuliretrogatusooiorumatqueamiourumpo-

90 335 93 340 '
108 336 161 447 puli
169 337 280 396 Romani,
291 353 397 386 meorum
408 348 486 386 autem
496 337 684 394 necessariorum,
697 349 782 382 nornen

126 401 209 449 ominis
220 401 366 450 audacissimi
376 403 455 452 detuli.
473 401 545 462 Quod
552 416 633 450 meum
641 400 728 447 fanum
736 398 784 446 loc-

108 464 193 512 tissimi
203 466 246 515 viri
256 475 327 529 atque
336 467 474 514 ornatissimi
482 471 539 530 (quo
547 467 572 514 in
583 479 680 514 numem
695 479 708 509 e
720 461 784 510 vobis

108 528 784 655 fflffitffid²ii³ssdfflikffisfflii⁸pffi

249 627 255 654 ‚
605 645 608 650 .
773 617 784 630 .

108 666 226 721 queretur,
238 674 286 706 non
297 659 366 708 modu
380 659 498 708 deferendi
513 658 621 718 nominis,
632 657 673 705 sed
687 671 717 703 ne
728 657 784 703 sub·

107 721 223 770 scribendi
233 723 338 787 quidem,
347 739 401 772 cium
416 725 442 772 id
451 724 585 787 postularet,
597 723 697 770 facerent
706 727 783 784 potas·

142 849 173 898 In
192 851 295 900 Siciliam
318 867 379 911 sum,
401 852 533 917 inquirendi
554 849 630 911 causi,
650 848 781 914 profectus:

107 914 191 988 quoin
202 916 294 978 negotio
304 917 441 964 industriam
452 933 529 965 meam
544 916 645 964 celeritas
656 913 781 974 reditionis,

108 977 253 1041 diligentiam
264 981 391 1031 multitudo
400 982 519 1029 literarum
530 990 553 1029 et
566 981 668 1038 testium,
680 977 781 1025 declara-

107 1043 159 1099 Vl'tt
176 1044 288 1106 pudorem
300 1061 354 1094 vero
364 1061 391 1094 ac
400 1047 543 1108 religionem,
555 1045 627 1108 quod,
642 1058 696 1090 cum
707 1041 783 1089 venis-

107 1121 158 1156 oern
169 1117 260 1156 senator
270 1109 301 1156 ad
311 1110 381 1158 socios
392 1110 473 1174 populi
484 1109 594 1166 Romani,
603 1108 645 1172 qui
655 1107 680 1154 in
692 1105 719 1154 eb
729 1121 783 1168 pro-

106 1170 184 1219 vincii
194 1181 294 1236 quaestor
303 1173 407 1233 fuissem,
419 1175 449 1222 ad
459 1174 559 1237 hospites
570 1187 634 1219 meos
645 1186 671 1217 ac
681 1184 783 1216 necessa-

106 1235 162 1294 rios,
175 1251 249 1284 causa
259 1239 388 1286 communis
399 1238 511 1295 defensor,
520 1236 602 1284 diverti
611 1234 697 1298 potius,
711 1247 783 1295 quam

106 1299 139 1346 ad
150 1315 188 1350 eos
202 1301 243 1363 qui
252 1317 266 1348 a
276 1317 315 1352 me
325 1303 439 1350 auxilium
450 1301 589 1364 petivissent,
606 1296 704 1346 Nemini
717 1311 784 1344 meus

107 1364 221 1412 adventius
239 1366 313 1414 labori
337 1375 378 1414 aut
396 1366 484 1416 sumtui
507 1380 583 1428 neque
599 1363 691 1426 publice
708 1375 784 1424 neque

108 1428 220 1492 privatim
237 1429 290 1477 fuit.
315 1429 373 1478 Vim
389 1432 415 1478 in
432 1429 570 1494 inquirendo
591 1437 680 1476 tantam
701 1425 783 1486 habui,

108 1499 222 1556 quantam
234 1495 293 1542 mibi
304 1495 343 1542 lex
354 1495 431 1560 dabat,
443 1509 490 1544 non
502 1502 613 1558 quantam
624 1493 709 1540 habere
718 1498 784 1554 pote-

106 1571 159 1606 ram
170 1557 267 1606 istorum
276 1559 360 1617 studio,
372 1575 430 1622 quos
440 1559 483 1608 iste
493 1559 594 1607 vexarat.

142 1623 246 1670 Romam
260 1633 288 1671 ut
304 1639 333 1670 ex
348 1623 425 1674 stunt
435 1624 500 1683 redii,
512 1638 566 1672 curu
581 1623 624 1672 iste
634 1628 703 1685 atque
717 1618 783 1668 istius

107 1685 187 1747 annisi,
204 1686 309 1736 homines
324 1688 382 1738 lauti
399 1698 422 1737 et
436 1688 527 1748 urbani,
544 1702 659 1735 semones
675 1684 783 1744 hujusce·

7 1773 12 1782 ·
108 1749 176 1798 modi
189 1750 344 1814 dissipassent,
360 1769 407 1816 quo
421 1753 510 1802 animos
523 1752 618 1799 testium
632 1748 782 1806 retardarent,

107 1829 148 1862 me
164 1815 251 1878 magni
269 1815 369 1879 pecunia
384 1832 399 1865 a
413 1815 466 1865 veri
482 1817 625 1864 accusatione
635 1829 682 1862 esse
699 1811 783 1859 deduc·

106 1887 177 1936 tum3
194 1881 287 1928 tametsi
296 1883 436 1944 probabatur
446 1881 543 1940 nemini,
555 1879 618 1944 quod
629 1886 652 1925 et
663 1893 692 1924 ex
703 1873 783 1923 Sicilid

107 1951 179 1992 testes
189 1953 255 1992 eruit
268 1945 294 2003 ii,
306 1945 347 2008 qui
362 1955 498 2008 quaestorern
514 1945 591 1994 mein
609 1937 727 2006 provincis
745 1955 783 1986 oo-

106 2017 244 2082 proruant,
256 2017 280 2056 et
287 2009 453 2058 hinchomines
464 2009 567 2058 maxime
577 2003 747 2078 illustres-qui,
756 2011 784 2050 ut

106 2072 153 2134 ipsi
169 2073 219 2120 noti
235 2081 298 2132 sunt,
314 2074 347 2122 sio
364 2077 469 2124 nostrum
486 2085 679 2136 unumquemque
695 2067 783 2130 optime

108 2138 213 2193 nbmnt3
231 2149 310 2186 tamen
321 2154 394 2202 usque
405 2155 432 2188 eo
443 2138 520 2196 timui,
532 2153 561 2185 ne
572 2136 624 2200 quis
635 2135 664 2180 de
674 2133 727 2180 meti
737 2131 784 2188 fido

108 2208 181 2263 atque
188 2201 319 2276 integritate
329 2203 453 2264 dubitaret,
460 2203 532 2250 donec
540 2201 570 2250 ud
580 2197 712 2262 rejiciendos
721 2195 785 2258 judi-

109 2280 147 2312 ces
158 2280 272 2314 venunus.

143 2329 205 2378 VII.
223 2330 338 2392 Sciebam,
346 2331 371 2378 in
382 2331 509 2393 rejiciendis
517 2329 643 2392 judicibus,
650 2327 783 2386 nonnullos,

108 2393 223 2442 memoria
237 2393 323 2455 nostri,
338 2396 449 2460 pactionis
464 2395 615 2459 suspicionem
630 2407 677 2447 non
693 2389 783 2452 vitasse,

108 2473 173 2516 cum,
185 2456 236 2520 ipsd
246 2459 271 2506 in
281 2461 432 2518 accusatione,
442 2475 522 2508 eorum
530 2458 642 2506 industria
652 2473 679 2506 ac
687 2456 785 2518 diligam

108 2522 142 2570 tia
153 2525 296 2586 probaretur.
307 2524 353 2573 ¹Ita
363 2525 431 2587 rejeci
438 2525 536 2586 judices,
543 2532 571 2570 ut
577 2523 621 2572 hoo
629 2529 724 2580 constet,
732 2527 785 2583 post

104 2586 172 2634 'huno
189 2596 277 2636 statum
299 2587 430 2652 reipublica
454 2604 502 2652 quo
519 2603 581 2636 nunc
598 2586 695 2644 utimur,
715 2583 785 2632 simili

110 2651 239 2714 splendore
262 2661 285 2702 et
308 2651 419 2716 &grutam
442 2653 562 2704 consilium
589 2651 682 2699 nullum
708 2647 788 2700 tuisse
