1824 2968
117 117 150 166 66
183 109 252 166 PRO
268 111 394 164 ROSCIO
409 111 586 163 AMBR1N0.
604 111 669 162 Car:
680 114 721 162 33.

115 245 166 294 aliia
180 247 248 292 rebus
263 252 311 292 erat
324 249 455 306 occupatus,
466 243 508 306 qui
522 255 639 290 summam
652 257 730 289 rerum
741 241 788 289 ad-

116 309 268 368 ministrabat,
282 316 345 356 erant
359 308 444 356 interca
454 307 495 370 qui
506 306 552 354 suis
562 306 694 354 vulneribus
703 306 787 354 mede-

116 384 208 430 rentu13
220 374 270 437 qui,
277 381 396 434 tamquam
403 371 502 419 sioffusa
507 370 637 434 reipublicae
645 370 788 432 sempiterna

115 453 163 485 nox
173 446 238 495 esset,
250 437 282 483 ita
296 437 392 482 ruebant
406 435 431 482 iu
446 434 552 491 tenebris,
564 434 687 497 omniaque
700 434 787 480 misce-

115 504 187 551 bant:
211 517 226 547 a
243 499 329 562 quibus
345 499 416 546 miror
433 501 472 552 (ne
490 498 553 562 quod
569 497 708 559 judiciorum
724 507 786 546 esset

115 565 246 626 vestigium)
268 576 314 609 non
336 562 443 610 subsellia
464 578 555 625 quoque
577 577 624 610 esse
645 564 784 609 combustas

115 645 170 676 nam
180 636 203 674 et
213 634 351 674 accusatores
362 633 385 674 et
393 626 480 686 judices
491 626 637 673 sustulerunt.
655 625 708 672 Hoc
718 641 785 672 com-

114 692 178 740 modi
188 700 230 749 eet,
242 689 304 754 quod
314 691 347 738 ita
357 691 472 748 vixerunt,
483 699 510 737 ut
524 698 591 737 testes
605 704 693 747 omnes,
709 689 729 735 si
741 704 784 736 cu-

114 764 201 819 perent,
209 754 333 802 interficere
341 767 387 801 non
395 763 493 816 possent.
510 754 583 811 Nam,
593 753 650 800 dum
657 751 783 800 hominum

113 819 248 882 gemuerit,
260 818 301 881 qui
311 826 400 865 accuset
410 833 456 875 ecs,
471 831 517 865 uon
530 817 615 864 deeritr
633 817 690 864 dum
701 817 783 865 civitas

114 883 165 942 erit,
180 881 343 943 judicialient.
366 881 465 938 Verum,
480 889 507 928 ut
521 881 579 944 coepi
591 879 673 940 dicere,
685 889 707 927 et
717 881 783 928 Eru-

113 947 170 1005 cius,
184 945 264 993 haecsi
279 945 374 998 haberet
390 945 415 990 in
431 944 507 1004 causi,
525 961 577 1009 quse
592 946 781 1004 commemoravi,

113 1021 189 1074 posset
199 1025 226 1056 ea
236 1008 341 1072 quamvis
355 1007 395 1055 diu
410 1007 497 1055 dicere:
515 1018 538 1056 et
552 1024 602 1070 ego,
615 1009 711 1069 judices,
726 1024 782 1072 pos-

114 1090 181 1122 sum:
202 1073 241 1122 scd
255 1073 280 1120 in
295 1073 372 1121 animo
385 1071 638 1134 est'(quemadmodum
652 1080 706 1119 ante
719 1073 780 1132 dixi)

112 1139 193 1188 leviter
202 1137 305 1198 nauare,
321 1153 347 1186 ac
361 1136 521 1186 tantummodo
534 1137 683 1199 perstringere
695 1151 781 1184 unam-

113 1219 230 1267 quamque
240 1218 304 1258 rem;
319 1209 349 1248 ‘ut
359 1216 437 1248 omnes
447 1201 584 1264 intelligant,
597 1215 636 1248 me
646 1215 692 1249 non
703 1201 781 1250 studio

112 1283 225 1323 accusare,
237 1267 277 1314 sed
287 1265 360 1324 officio
370 1264 497 1316 defendere.

144 1331 270 1378 XXXIII.
291 1329 366 1377 Video
382 1329 460 1391 igitur,
480 1344 560 1376 causas
577 1345 624 1377 esse
642 1330 777 1393 pennultas,

112 1411 165 1458 qua
175 1394 246 1441 istum
256 1393 406 1454 impellerent.
429 1392 556 1440 Videamus
571 1408 641 1452 nunc,
657 1409 729 1456 ecqua
742 1395 778 1441 fa-

112 1459 185 1506 cultas
201 1455 337 1518 suscipiendi
353 1456 459 1504 maleficii
474 1457 549 1504 tretia
574 1458 623 1504 Ubi
642 1457 728 1505 occisus
744 1468 779 1506 est

111 1524 165 1572 Sex.
177 1521 292 1568 Roscius?
310 1519 398 1566 Roma.
423 1520 506 1578 Quid?
523 1529 558 1578 tu,
574 1521 652 1579 Rosci,
667 1523 709 1569 ubi
721 1531 778 1570 tunc

111 1588 179 1634 eras?
196 1585 286 1632 Roma.
309 1584 399 1631 Verum
413 1583 470 1646 quid
484 1584 514 1631 ad
528 1588 596 1632 rem?
613 1594 636 1632 et
649 1586 689 1632 alii
699 1587 777 1636 multi.

111 1649 186 1708 Quasi
196 1663 258 1695 nunc
268 1647 292 1694 id
303 1655 391 1710 agatur,
403 1647 455 1710 quis
465 1663 494 1695 ex
506 1649 571 1696 tanta
580 1649 730 1698 multitudine
739 1666 778 1699 oc-

111 1713 205 1768 cideritt
223 1725 249 1760 ac
259 1727 305 1758 non
319 1711 362 1778 lucc
376 1719 500 1774 quaeratur,
516 1727 578 1772 eum,
594 1714 635 1776 qui
649 1713 732 1761 Roma
747 1715 778 1764 sit

111 1777 205 1833 occisus,
217 1785 295 1824 utrum
306 1775 450 1826 verisimilius
461 1777 490 1824 sit
500 1779 530 1823 ab
539 1792 565 1824 eo
573 1793 620 1824 esse
627 1777 727 1825 censum
735 1780 777 1842 qui

111 1841 215 1888 assiduus
234 1855 261 1887 co
277 1847 379 1901 tempore
398 1840 482 1888 Mmae
496 1839 574 1899 fuerit,
591 1856 621 1888 an
640 1844 669 1889 ab
688 1857 715 1889 00
734 1845 777 1906 qui

110 1905 191 1953 multis
201 1903 266 1951 annis
281 1903 382 1950 Romam
396 1903 490 1951 omnino
505 1919 551 1951 non
566 1905 688 1952 accesserit
710 1909 775 1969 Age,

110 1984 174 2018 nunc
183 1977 273 2016 caetcras
283 1966 401 2015 facultates
414 1983 507 2031 quoque
520 1968 694 2017 consideremus.
716 1971 777 2020 Erat
801 1965 805 1976 ’

109 2041 161 2082 tum
173 2031 298 2080 multitudo
308 2031 441 2078 sicanorum
456 2032 498 2089 (id,
512 2032 574 2094 quod
588 2037 777 2084 commemorarit

110 2097 229 2155 Erucius),
241 2105 264 2144 et
275 2095 379 2144 hominos
392 2095 488 2158 impune
502 2096 668 2144 occidebantur.
692 2098 776 2163 Quid?

26 2187 28 2192 ·
109 2177 137 2209 ea
151 2161 275 2208 multitudo
288 2175 340 2222 quaa
354 2159 419 2208 erati
438 2160 527 2222 opinor,
543 2168 584 2206 aut
598 2177 676 2208 eorum
692 2164 734 2224 qui
750 2163 775 2212 in

109 2225 175 2272 bonis
185 2232 250 2271 erant
259 2223 371 2286 occupati,
382 2231 424 2271 aut
438 2239 517 2270 eorum
531 2223 572 2286 qui
586 2226 615 2272 ab
626 2224 654 2272 iis
664 2226 776 2284 conduce-v

93 2288 203 2345 tantur,
222 2294 249 2333 ut
267 2287 368 2348 aliquem
387 2287 519 2336 occiderent
547 2289 573 2336 Si
592 2304 629 2336 eos
647 2297 715 2351 putas
734 2294 778 2354 qui

109 2351 211 2398 alienum
221 2353 373 2413 appetebaut;
387 2363 414 2398 tu
425 2367 449 2398 es
459 2352 484 2399 in
495 2367 521 2400 ao
532 2367 635 2410 nurnero,
647 2353 689 2414 qui
699 2358 777 2405 nostri

109 2414 207 2478 pecuniis
216 2414 279 2461 dives
291 2429 330 2461 es:
348 2414 383 2462 sin
397 2429 443 2473 eos,
454 2431 520 2478 quos,
531 2415 572 2476 qui
585 2415 669 2462 leviore
683 2419 777 2471 nomine

94 2539 95 2544 ¹
110 2478 234 2540 appellant,
249 2492 389 2540 percussores
402 2487 498 2534 vocant;
515 2493 600 2540 quaere,
611 2479 636 2525 in
650 2480 716 2540 quus
730 2483 776 2532 fide

109 2541 155 2590 sint
169 2550 192 2590 et
205 2539 323 2590 clientelis
343 2541 402 2590 mihi
416 2541 496 2600 crade3
513 2542 614 2604 aliquem
628 2542 657 2590 de
670 2544 777 2596 mcietata
