1820 2958
152 137 205 184 '218
297 138 338 188 IN
353 137 504 189 VERREM
520 137 572 190 ΠΙ.
589 140 655 191 Gen
664 144 689 192 l.
887 173 888 250 q

152 265 349 328 -Rornnni‚'uniue
359 268 442 318 scelere
452 283 478 316 ee
492 267 590 318 libidine
600 271 770 334 perdidissentr
787 277 833 330 nde
887 285 888 320 t

155 339 292 390 eteorenmt,
304 341 344 380 eut
354 333 420 380 istius
430 333 525 394 injurios
535 350 577 397 per
590 351 631 384 vos
644 339 724 388 ulcisci
738 351 763 390 et
777 357 829 408 per.
887 335 888 360 ¹

154 397 236 459 sequit
253 406 302 454 eut,-
314 397 333 444 ei
344 398 407 445 vobis
417 397 507 460 indigni
517 408 590 447 essent
601 401 651 461 visi,
661 405 747 466 quibus
759 425 827 473 opem

152 461 316 524 auxiliumque
326 461 422 520 ferretis,
431 464 499 510 urbes
509 463 605 512 eosedee
616 481 669 514 sues
680 471 827 536 relinquereg

152 524 341 588 quondoquidem
352 541 418 587 egros
426 527 477 587 jem
488 536 549 588 ente,
560 528 626 577 istius
639 530 733 593 injuriis
747 539 826 602 exegi.

154 589 205 645 teti,
216 589 366 652 reliquissent.

155 691 156 696 ,
187 653 233 700 IV.
250 653 303 701 Hoc
314 653 406 702 oonsilio
416 671 431 702 e
438 655 468 702 L.
478 655 575 704 Metello
581 657 705 720 legationes
712 662 826 716 universo

155 716 293 780 petiverunt,
305 726 332 764 ut
343 719 516 782 quamprimum
526 721 565 768 isti
571 723 714 774 succederetz
727 729 772 778 hoc
779 732 827 780 enl-
887 709 888 784 i

154 795 194 828 mo
204 781 270 828 toties
280 781 343 845 apud
353 791 460 845 patronos
470 784 499 831 de
506 785 553 832 suis
560 786 656 835 misem
663 789 825 854 deplorirunt:

155 845 199 892 hoc
211 846 319 893 commoti
329 846 415 906 dolore,
430 849 545 910 postulate
559 851 699 913 oonsulibus,
711 873 767 920 quse
780 873 825 908 non

152 909 275 971 postulate,
287 910 326 957 sed
336 910 362 956 in
372 911 442 958 istum
457 913 553 961 erimine
568 914 699 966 viderentur
708 935 766 982 esse,
778 925 825 972 edi.

150 972 244 1020 derunt.
268 975 381 1037 Fecenmt
392 976 470 1035 etiem,
486 985 512 1024 ut
525 993 572 1038 me,
588 981 654 1040 cujus
669 983 742 1032 fidem
753 990 825 1037 oonti·

153 1037 303 1101 nentiomque
313 1049 473 1102 cognoverant,
489 1057 560 1104 prope
574 1043 604 1091 de
618 1045 671 1093 vitre
684 1063 744 1098 mee
755 1059 823 1115 stetu,

151 1101 231 1150 dolore
247 1118 274 1150 eo
291 1103 398 1166 loorynru
412 1104 467 1162 suis,
487 1105 632 1167 deducerent,
648 1119 675 1158 ut
692 1127 736 1176 ego
751 1116 822 1165 istum

150 1181 296 1225 occurerem
314 1183 328 1216 e
338 1183 385 1232 quo
395 1183 447 1216 mea
457 1169 588 1232 longissime
598 1174 656 1221 ratio
667 1177 820 1246 voluntasque

152 1232 302 1280 abhorrebat:
320 1247 471 1296 quemquem,
482 1234 506 1281 in
518 1235 561 1283 heo
571 1237 648 1297 oeusd,
660 1243 737 1291 multo
745 1245 821 1308 plures

150 1305 228 1359 partes
235 1297 293 1343 mihi
301 1297 445 1356 defensionis,
455 1314 526 1362 quem
534 1302 690 1364 accusationis,
700 1311 822 1374 susoepisse

149 1360 237 1408 uideor.
259 1362 378 1408 Postremo
388 1362 491 1410 homines
503 1379 532 1410 ex
542 1363 589 1412 toti
599 1368 717 1428 provincii
728 1375 822 1423 nobilis·

152 1424 212 1483 simi,
223 1424 346 1488 primique,
357 1426 449 1489 publice
458 1427 611 1492 privatimque
622 1443 749 1484 venerunt=
767 1455 819 1502 grs-

150 1487 243 1534 sissima
253 1496 322 1551 etque
333 1489 494 1539 honestissime
501 1508 598 1556 quseque
611 1495 690 1546 civitas
698 1501 821 1552 vehemen-

151 1551 238 1605 tissime
249 1567 300 1599 sues
310 1553 405 1612 injurias
416 1565 533 1617 persecute
543 1566 583 1605 est.

182 1617 219 1662 At
239 1617 444 1679 quemadmodum,
464 1621 561 1682 judiees,
583 1627 714 1674 venerunt?
732 1630 819 1681 Videor

152 1679 214 1726 enim
228 1679 286 1726 mihi
296 1680 389 1729 liberius
405 1683 468 1745 epod
486 1700 525 1732 vos
538 1687 588 1746 jem
602 1703 644 1750 pro
660 1691 745 1742 Siculis
757 1697 818 1760 loqui

153 1743 242 1804 debere,
252 1759 323 1808 quem
333 1745 426 1793 forsitan
435 1747 479 1811 ipsi
488 1749 558 1797 velint
566 1767 573 1797 ε
591 1753 659 1800 soluti
667 1757 731 1805 enim
740 1775 817 1808 eorum

148 1808 228 1870 potius
239 1810 443 1873 consulamquum
451 1813 570 1861 voluntati.
587 1815 694 1880 Ecquem
701 1822 818 1872 existime-

151 1873 181 1920 tie
189 1888 301 1936 unquam,
311 1875 359 1922 ulli
370 1875 393 1921 in
402 1875 526 1938 provincii,
532 1893 598 1926 reum
607 1883 734 1944 absentem,
742 1897 817 1937 oontre

148 1937 816 2079 trutttumttuttttttestetsi·
885 1973 886 1976 ‘

149 2065 199 2125 eiae,
218 2036 259 2131 qui
275 2067 318 2115 isto
336 2076 432 2131 praetore
450 2069 548 2130 fuerent,
569 2087 622 2120 eum
641 2075 742 2128 fascibus
760 2081 815 2130 mihi

150 2139 233 2192 praesto
247 2132 348 2180 fuemnt.
374 2133 409 2179 Hi
424 2149 499 2196 porro,
516 2135 557 2199 qui
572 2152 735 2202 sueoesserune
752 2147 816 2194 vehe-

148 2204 238 2242 menter
248 2197 312 2244 istius
319 2198 405 2260 cupidi,
414 2197 537 2246 liberaliter
547 2215 576 2246 ex
586 2201 651 2252 istius
658 2204 749 2258 tibur-iis
759 2213 815 2259 tree-

145 2259 198 2315 teti‚
210 2274 257 2306 non
267 2261 344 2309 minue
354 2277 415 2310 sores
426 2271 504 2310 oontre
513 2279 552 2312 me
559 2265 660 2315 fuerunt.

180 2322 272 2382 Videte,
283 2325 340 2386 quid
350 2327 457 2388 potuerit,
470 2328 511 2392 qui
521 2337 622 2392 quatuor
630 2332 654 2378 in
665 2333 713 2382 uni
722 2339 813 2400 provin.

147 2383 182 2431 eid
193 2395 322 2447 quaestores‚
334 2390 507 2440 studiosissimos
518 2393 645 2442 defensores
658 2412 813 2465 propugnato·

145 2462 228 2509 resque
239 2449 357 2499 hebueritt
375 2456 495 2516 pr'aetorem
506 2473 558 2505 vero
569 2458 732 2526 eohortemque
743 2475 811 2515 totam

147 2510 179 2556 eie
190 2511 323 2572 studiosum,
334 2524 361 2563 ut
371 2517 460 2565 focilee
476 2530 572 2584 pareret,
584 2537 630 2569 non
641 2532 690 2572 tam
701 2529 748 2577 illis
759 2531 812 2580 Siei-

146 2571 287 2646 liem‚quem
294 2577 386 2625 inanem
392 2536 540 2644 offeni'erent,
547 2601 618 2649 quum
623 2587 720 2639 Verrem
727 2593 810 2657 ipmm,
887 2607 888 2630 ¹

147 2649 189 2698 qur
198 2637 279 2699 plenus
289 2639 421 2702 deoeeseret,
431 2648 573 2708 provinciam
583 2649 660 2702 fitisee
676 2653 768 2710 Minori
776 2659 811 2709 Sir
