1820 2958
256 166 297 228 tn
313 161 464 229 vinnm
480 165 517 228 li
534 177 598 228 cnr.
607 170 648 228 33.
734 159 786 227 'tot

112 293 167 357 huit
181 306 293 366 evoIIris3
310 307 350 356 hic
364 305 406 356 tibi
420 307 553 372 pmfugium
568 319 645 372 speres
658 305 785 356 iinturumi

113 373 191 422 limes.
215 373 251 423 Ut
264 373 311 421 huc
324 371 441 432 incideres,
456 387 504 420 non
518 380 545 419 ut
559 371 598 420 hle
608 373 784 436 conquiesceres,

112 437 148 494 iili
157 447 181 486 te
191 437 272 486 vivum
283 437 345 485 exire
355 437 415 500 passi
427 445 487 484 sunt.

145 501 274 550 XXXIII.
288 501 322 549 ttt
330 502 371 561 nis,
381 501 495 561 judicium
505 515 553 549 esse
560 500 657 560 fectum,
665 509 689 548 te
699 495 785 561 injurii

112 565 286 614 circiunsessum
298 579 345 613 esse
357 565 487 629 Lampsaci,
497 565 560 629 quod
571 563 722 613 Philodamus
730 577 784 612 cum

112 631 162 678 lilio
180 630 346 678 condemnatus
363 629 399 676 sit
427 628 501 690 Quid,
519 629 538 676 si
554 629 631 690 doceo,
650 630 670 677 si
686 630 784 693 plenum

111 695 180 753 facio,
200 703 257 742 terte
274 694 368 741 homine
384 707 494 756 nequam,
513 708 593 740 verum
609 691 715 742 adhunc
734 707 784 740 rem

111 767 190 806 temen
197 758 287 819 idoneo,
299 767 322 805 te
331 758 381 822 ipso
391 756 507 821 (inquam)
515 765 580 817 teste,
591 757 667 818 doceo,
679 767 702 806 te
713 758 784 820 hujus

111 823 303 872 circumsessionis
313 830 360 870 tuce
370 837 462 870 causam
474 830 497 869 et
507 823 599 896 culpem
610 821 634 869 in
646 823 702 870 alios
710 831 784 870 trans·

109 887 207 944 tulisse;
224 901 299 952 neque
309 886 334 933 in
345 901 391 945 eos,
403 901 461 950 quos
472 894 497 933 tu
508 885 663 945 inmmulims,
675 901 722 935 esse
732 887 782 934 ani-

111 951 276 1000 madversum?
289 952 340 1012 J'em
350 947 409 997 nihil
419 957 442 996 te
450 949 565 1012 judidum
573 951 672 998 Neronis
679 951 782 1012 adjuvat.

109 1015 204 1074 Recito,
216 1031 273 1079 quos
284 1013 313 1062 ed
325 1015 442 1062 Neronem
452 1015 528 1062 literas
538 1014 608 1062 misit.

144 1081 264 1142 (EpIetolo
273 1079 300 1127 C.
312 1081 393 1126 VerrIr
400 1079 432 1126 od
443 1079 571 1128 Neronem.
578 1109 612 1121 -
622 1081 782 1142 Themistago-

110 1159 152 1191 ros
163 1151 186 1191 et
202 1144 324 1191 Thessalus
339 1151 380 1203 ...)

47 1239 51 1244 -
142 1207 184 1256 'I'h
224 1208 229 1218 '
295 1223 345 1254 nun
364 1217 387 1254 et
408 1203 548 1254 Thessalum
570 1207 647 1255 scribis
668 1207 782 1270 populum

108 1272 242 1322 concitisse.
300 1287 337 1319 em
347 1269 479 1334 populum?
493 1271 534 1333 qui
544 1278 567 1316 te
578 1269 729 1329 circumsedit,
741 1270 783 1334 qui

110 1345 134 1386 te
153 1337 233 1384 vivum
252 1337 385 1384 comburere
402 1342 496 1382 conetm
512 1341 552 1380 est.
580 1334 629 1382 Ubi
647 1334 689 1382 hos
706 1349 783 1398 perse·

110 1401 208 1514 queris?
230 1399 272 1448 ubi
289 1399 398 1450 accusas?
421 1398 463 1446 ubi
480 1395 582 1446 defendis
596 1399 636 1461 jus
653 1412 783 1462 nomenque

121 1481 175 1578 egio
187 1527 320 1576 Philodami
328 1527 416 1590 judicio
425 1523 486 1575 dices
496 1525 521 1574 id
534 1525 628 1575 annm?
647 1527 711 1576 Cedo
723 1527 782 1576 mihi

111 1593 184 1658 ipsius
201 1593 281 1642 Verris
299 1592 472 1641 testimonium:
496 1589 623 1655 rideamus,
644 1593 701 1657 quid
719 1593 782 1641 idem

111 1658 154 1706 iste
163 1659 254 1719 iuratus
265 1656 354 1704 dixerit.
372 1657 460 1704 Recito.

10 1773 18 1780 ,
76 1730 78 1734 ’
144 1722 194 1776 (Ao
204 1725 335 1768 accusatore
352 1725 448 1782 rogatur
463 1719 588 1783 respondit,
600 1723 626 1768 in
639 1721 681 1769 boc
688 1719 782 1785 judIcio'

110 1802 158 1834 ooo
166 1788 293 1848 persequi:
310 1787 354 1832 sibi
364 1788 391 1832 in
401 1787 479 1832 culmo
490 1800 544 1844 esre,
555 1787 602 1833 olio
612 1791 713 1848 tempore
725 1803 782 1848 pcr-

111 1867 135 1899 τε
151 1853 183 1898 ut

136 1859 211 1974 unid
231 1913 303 1978 Igitur
321 1921 344 1961 te
363 1914 430 1975 juvet
448 1913 548 1961 Neronis
566 1913 700 1976 jrrdicium?
725 1913 782 1977 quid

111 1977 247 2027 Philodami
262 1977 398 2026 danmatio?
422 1975 524 2040 legatus
541 1993 595 2025 cum
610 1993 667 2026 esses
685 1978 783 2025 circum·

110 2059 195 2101 sessus,
213 2057 313 2106 cumque
331 2046 340 2095 (
357 2041 537 2090 nemadmodum
554 2049 603 2088 tute
620 2041 650 2089 ad
665 2041 783 2089 Neronem

111 2108 231 2172 scripsisti)
245 2107 332 2171 populo
385 2121 455 2153 meno
465 2105 628 2170 communique
638 2115 711 2152 eeusae
720 2107 784 2170 lega-

111 2181 189 2219 torum
200 2172 261 2219 socru
271 2179 329 2218 essct
338 2169 423 2232 injuria
432 2169 536 2232 insignis,
545 2183 592 2216 non
603 2183 626 2216 es
636 2181 782 2232 persecutum

111 2236 168 2284 dicis
179 2236 222 2284 tibi
232 2236 257 2283 in
268 2235 345 2282 animo
356 2250 404 2282 esse
414 2235 459 2283 aiio
470 2243 572 2297 tempore
581 2233 694 2297 persequi.
712 2235 783 2298 Quod

13 2337 14 2342 ,
109 2300 158 2348 fuit
168 2300 192 2347 id
201 2301 312 2364 tempus?
329 2298 423 2362 quando
433 2313 456 2346 es
470 2299 620 2360 persecutus?
643 2300 692 2346 Cur
706 2300 784 2350 immi.

110 2364 184 2412 nuisti
200 2367 240 2426 jus
256 2363 394 2426 legationis?
418 2377 459 2411 cur
475 2376 567 2409 mosem
586 2363 666 2426 populi
682 2363 784 2416 Romani

111 2428 241 2487 deseruisti,
261 2440 287 2476 ec
305 2425 445 2491 prodidisti?
470 2441 511 2474 cur
531 2426 707 2489 injuriemus,
729 2446 783 2479 con.

110 2495 204 2555 junctas
216 2507 269 2540 cum
280 2491 387 2557 publicis,
398 2490 526 2554 reliquisti?
544 2489 599 2537 No'n
608 2499 630 2537 te
638 2488 668 2538 ad
678 2503 783 2544 senatum

112 2573 207 2606 oensem
219 2555 322 2611 deferres
340 2571 386 2603 non
401 2554 430 2602 de
443 2563 491 2602 tom
507 2555 620 2602 atrocibus
630 2555 720 2616 injuriis
730 2576 785 2608 con.

112 2623 195 2686 qnerir
214 2636 261 2672 non
275 2635 313 2668 eos
327 2620 440 2678 homines,
453 2619 494 2682 qui
508 2620 621 2682 populum
636 2622 784 2696 concitiront,

109 2687 236 2736 mnrium
247 2683 322 2736 literis
329 2683 454 2734 evomndos
465 2695 552 2741 muare,
563 2683 684 2793 oportuit?

545 2760 563 2794 ι
579 2752 585 2764 .
