1820 2958
256 137 295 198 t'N
312 148 463 198 VERREM
478 149 528 198 ΙΙΙ.
544 149 660 198 ΟΑΡ.36.
730 143 789 203 aar

111 275 166 326 urite
176 274 236 326 laeta
246 286 269 326 et
279 285 380 326 venuste.
414 278 473 326 Hae
480 287 503 326 et
510 277 556 326 ilia
564 278 640 340 scipio
650 291 696 322 non
704 269 777 338 negli-

110 349 191 404 genter
201 344 322 403 abjeceret,
334 352 360 390 ut
369 344 439 390 horno
451 343 580 405 intelligens
590 343 674 390 Verres
688 339 786 386 auferre·

109 415 201 470 posset3
219 407 259 454 sed
276 406 432 454 Thermitanis
447 407 588 455 restitueratr
607 420 651 453 non
667 419 713 467 quo
727 403 777 466 ipse

108 469 196 529 hortos,
208 479 249 518 aut
259 473 426 529 suburbanum,
438 481 479 518 sut
492 473 569 518 locum
583 469 685 525 omnino,
697 467 738 514 ubi
748 483 776 514 ea

107 543 212 598 ponem
223 535 315 581 nullum
326 535 434 592 haberet;
452 536 499 595 sed,
508 535 630 583 sidomum
639 532 776 590 absmlisset,

107 613 156 645 non
168 598 209 645 diu
220 598 331 673 Scipionis
339 599 514 663 appellarentur,
523 599 562 647 sed
570 614 657 657 eorum,
667 597 695 644 ad
707 611 777 659 quos-

106 677 209 726 cumque
219 663 291 725 ipsrus
300 673 374 710 morte
382 663 507 711 venissent:
525 679 587 711 nune
594 663 630 710 his
638 662 693 709 loeis
701 660 775 722 posita

105 736 176 837 stiffi
178 737 205 774 ut
216 727 274 774 mihi
280 743 369 790 semper
376 727 487 790 Scipionis
495 727 543 775 fore
552 728 678 783 videantur,
686 725 775 788 ita-que

177 799 221 838 tur.
780 805 782 818 ¹

112 869 119 879 ¹
139 853 263 902 XXXVI.
281 855 340 903 llaec
351 871 406 903 eum
416 856 459 902 iste
468 864 576 919 posceret,
588 863 736 919 agereturque
747 868 774 900 ea

106 933 144 965 res
154 919 180 965 in
187 928 275 976 senatu,
284 920 393 984 Sthenius
401 920 597 968 vehementissime
605 919 699 972 resnou
711 918 774 963 mul-

104 991 176 1045 taque
190 988 229 1036 <ut
242 983 266 1030 in
282 983 362 1046 primis
376 984 506 1032 Sinrlomm
522 985 545 1032 in
560 984 655 1031 dicendo
669 982 773 1044 copiosus

104 1055 150 1105 est)
161 1048 363 1095 commemoravit:
381 1050 462 1096 urbem
473 1049 600 1112 relinquere
610 1047 773 1094 Thermitanos

104 1123 153 1158 esse
163 1111 288 1170 honestius,
300 1127 371 1175 quam
383 1113 440 1176 pati,
452 1113 502 1160 tolli
517 1129 546 1160 ex
561 1114 617 1159 urbe
631 1110 773 1156 monimenta

103 1176 230 1235 majorum,
248 1176 320 1238 spolia
333 1177 443 1234 hostium,
462 1176 571 1224 beneficia
585 1175 702 1222 clarissimi
720 1174 770 1230 viri,

103 1237 190 1286 indicia
210 1240 320 1288 societatis
342 1241 422 1304 populi
443 1241 545 1288 Romani
568 1249 637 1303 atque
658 1237 770 1285 arnieitiae.

104 1302 223 1350 commoti
238 1303 311 1351 animi
325 1314 379 1352 sunt
391 1305 511 1351 omnium:
529 1313 631 1368 repertus
646 1311 770 1360 esthemo,

104 1367 163 1430 quin
181 1369 241 1414 mori
258 1368 342 1416 dioeret
361 1369 431 1416 satius
450 1385 504 1416 esse.
533 1370 617 1432 ltaque
634 1366 677 1414 hoe
695 1365 771 1412 adhue

103 1431 218 1494 oppidum
229 1433 312 1480 Verres
322 1433 410 1480 invenit
424 1449 495 1496 prope
509 1434 585 1481 solum
599 1433 623 1479 in
635 1433 689 1478 orbe
700 1431 776 1478 terra&

103 1497 167 1554 rum,
179 1496 241 1544 uude
251 1497 309 1544 nihil
319 1497 432 1557 eJ'usmodi
440 1513 517 1544 rerum
525 1498 554 1544 de
561 1497 654 1560 publico
663 1495 769 1560 pervim,

103 1560 164 1606 nihil
174 1561 270 1620 ooeulte,
282 1561 340 1608 nihil
350 1562 455 1626 imperio,
467 1562 525 1609 nihil
538 1562 620 1624 gratia,
634 1559 704 1621 [nssril
718 1577 779 1624 pre-.

102 1624 158 1688 tio,]
170 1633 251 1688 posset·
256 1625 350 1672 auferre
368 1627 535 1674 Verumtamen
545 1627 611 1674 hesee
625 1625 695 1686 hujus
706 1627 770 1688 cupi-

102 1687 186 1736 ditates
194 1703 308 1752 exponam
319 1689 364 1736 alio
373 1691 437 1738 loooz
455 1705 517 1738 nune
527 1690 557 1738 ad
564 1690 685 1738 Sthenium
696 1703 770 1736 rever·

8 1773 9 1776 ¹
102 1761 146 1800 tar.
164 1752 248 1817 Itaque
258 1754 308 1812 iste,
317 1755 461 1802 vehementer
469 1755 567 1802 Sthenio
574 1754 684 1812 infensus,
693 1754 776 1816 hospi-³

102 1817 164 1864 tium
179 1818 201 1864 ei
217 1818 346 1865 renuntiate
364 1818 432 1866 domo
445 1819 494 1878 ejus
509 1819 613 1880 emigrat,
629 1827 698 1881 atque
713 1817 771 1864 adeo

102 1881 168 1928 exit:
185 1897 240 1928 narn
252 1883 301 1944 jam
315 1891 368 1930 aute
381 1883 498 1944 migrarat.
522 1881 585 1929 Eum
601 1890 678 1929 autem
692 1881 775 1928 inimi--

101 1944 188 1994 nissimi
199 1945 288 1994 Sthenii
298 1946 394 1993 domurn
404 1962 470 1994 suam
481 1947 558 1994 statim
568 1946 674 2006 invitant,
684 1954 710 1992 ut
720 1945 775 1991 airri-¹

101 2025 170 2057 mum
187 2011 236 2072 ejus
251 2010 276 2056 in
293 2011 414 2071 Sthenium
430 2011 607 2069 inflammarent,
625 2009 775 2058 ementiende

101 2074 192 2136 aliquid
209 2083 232 2122 et
250 2075 398 2122 criminando.
424 2075 458 2122 Hi
474 2083 550 2123 autem
571 2083 636 2124 erant
655 2073 766 2138 [inimici]

100 2138 244 2200 Agathinus,
256 2140 325 2186 homo
336 2139 426 2198 nobilis,
438 2147 461 2186 et
469 2139 607 2197 Dorotheus,
619 2140 660 2202 qui
670 2139 769 2186 hahebat

100 2202 126 2250 in
137 2203 284 2251 matrimonio
295 2203 456 2262 Callidamam,
465 2203 582 2267 Agathini
589 2205 639 2264 eJus
649 2203 730 2261 filiam,
739 2203 771 2250 de

100 2265 149 2330 qud
159 2267 201 2315 iste
212 2268 320 2316 audierat.
338 2268 421 2332 Itaque
435 2269 464 2317 ad
474 2283 585 2331 generum
595 2267 710 2331 Agathini
724 2269 768 2315 mi-

99 2347 168 2394 grare
177 2332 267 2380 maluit.
284 2333 338 2380 Una
348 2347 394 2380 nox
405 2334 566 2392 intereeseerat,
578 2348 631 2381 eum
641 2333 685 2380 iste
692 2331 767 2381 Doro-

100 2396 183 2444 theum
194 2396 226 2444 sie
237 2396 354 2459 diligebat,
366 2406 393 2444 ut
402 2397 495 2457 diceres,
507 2397 585 2444 omnia
599 2397 658 2446 inter
672 2413 710 2446 eos
720 2413 774 2445 me*

99 2460 249 2517 eommunia3
267 2461 413 2524 Agathinum
427 2461 460 2508 ita
473 2464 614 2520 observabat,
627 2469 653 2508 ut
667 2463 769 2526 aliquem

99 2525 194 2573 affinem
205 2526 405 2590 aepropinquum.
429 2526 581 2574 Contemnere
590 2527 660 2574 etiarn
675 2528 773 2591 signum*
830 2543 833 2548 ·

98 2588 160 2637 illud
172 2589 276 2637 Himerae
284 2591 333 2650 jam
344 2590 471 2650 videbamr,
479 2589 542 2653 quod
550 2605 604 2639 enm
612 2593 687 2639 multo
693 2593 772 2654 mags?

98 2655 176 2718 figure
186 2662 209 2702 et
219 2654 358 2704 lineamenta
367 2655 464 2718 hospite
474 2654 622 2706 delectabant
645 2663 654 2706 “,
671 2659 673 2664 ’
721 2676 728 2688 ·
