1820 2958
122 143 169 196 196
257 145 297 198 IN
314 143 464 196 VERREM
480 145 516 196 11.
532 145 597 196 (lar.
610 141 654 196 tt·

120 273 172 324 mili
182 289 259 334 seusu,
266 283 335 340 atque
342 275 485 338 inungente
495 275 595 322 filiarum
603 266 796 333 commonemini,

121 353 157 386 res
167 339 217 388 hec
227 343 307 388 acerba
321 340 424 388 videatur
434 348 504 402 atque
517 338 619 401 indigna.
646 338 713 397 Quid
727 337 793 384 enim

121 412 205 452 natura
212 403 278 452 nobis
286 403 420 465 jucundius,
429 403 486 466 quid
494 404 567 452 carius
576 418 623 450 esse
630 402 722 450 voluit?
734 399 794 464 quid

121 476 157 514 est
167 467 267 530 dignius,
278 470 303 515 in
314 484 360 531 quo
371 468 445 515 omnis
456 476 532 515 nostra
542 467 660 530 diligentia
669 465 796 528 indulgen-

122 531 201 594 tiaque
208 532 369 580 consumatur?
387 532 467 580 Homo
476 531 678 594 importunissime,
690 545 732 577 cur
742 539 795 576 tarr-

122 604 172 644 tam
189 596 298 657 injuriam
316 597 344 643 P.
360 596 441 644 Annio
458 605 549 646 mortuo
563 594 654 643 fecisti?
670 609 713 642 cur
730 594 796 642 huuc

122 659 224 707 dolorem
236 660 305 707 cineri
315 660 365 721 ejus
376 669 444 724 atque
455 660 543 708 ossibus
553 659 663 716 inlusisti,
676 666 705 705 ut
715 657 796 706 liberis

123 724 173 784 ejus
183 726 244 772 boue
253 723 335 785 patria,
353 725 469 772 voluntate
479 724 559 788 patris,
573 725 634 785 jure,
645 723 736 785 legibus
746 729 796 768 tra·

123 787 180 844 dita,
197 787 301 850 eriperes,
318 797 350 846 et,
361 788 398 836 cui
409 789 451 836 tibi
466 797 524 837 esset
534 787 691 844 commodum,
708 784 795 833 condo-

124 853 208 898 nares?
226 851 372 909 Quibuscum
388 853 435 900 vivi
451 854 513 900 bona
530 861 607 900 nostra
625 850 748 915 partimur,
764 848 795 897 iis

124 923 207 977 pretor
217 915 326 976 adimere,
335 917 400 964 nobis
411 917 516 976 mortuis,
528 920 588 965 bona
595 916 744 978 fortunasque
752 927 798 976 po·

125 978 196 1028 terit?
214 981 231 1008 “
242 980 294 1026 Nec
308 980 468 1042 petitionem,''
484 981 568 1045 iuquit,
586 984 604 1010 ‘⁶
615 996 657 1029 nec
674 977 804 1044 possessio·

125 1056 180 1089 nem
194 1041 279 1090 dabo.”
299 1043 390 1107 Eripies
404 1045 475 1108 igitur
492 1045 587 1108 pupillae
603 1053 681 1107 togam
695 1051 798 1107 praetex-

125 1109 193 1160 tam?
211 1107 314 1156 detrahes
324 1118 467 1168 curamenta,
483 1123 530 1156 uon
543 1109 618 1156 solum
632 1108 739 1166 fortune,
756 1105 799 1155 sed

126 1171 196 1228 etiam
206 1172 372 1235 ingenuitatis?
389 1173 513 1231 Miramur,
525 1173 554 1221 ad
562 1187 627 1220 arma
634 1181 714 1220 mntra
723 1172 797 1218 istum

125 1235 245 1284 hominem
263 1235 431 1300 Lampsacenos
449 1238 511 1286 isse?
533 1237 653 1296 miramur,
669 1237 750 1294 norm,
766 1234 799 1282 da

143 1300 242 1348 rovinm'd
260 1301 414 1361 decedentem,
436 1302 498 1354 clam
516 1301 633 1366 syracusis
650 1298 797 1364 profugime?

126 1316 179 1416 ilos
193 1365 212 1412 si
222 1365 321 1412 alienam
331 1367 405 1414 vicent
415 1381 458 1430 pro
468 1367 545 1414 nturi
558 1365 644 1426 injurii.
657 1365 805 1426 doleremus,

126 1427 359 1541 voedffldrmdaiifidiid
369 1430 476 1542 fomlngu
487 1431 666 1556 meitegrelictpm.
676 1500 687 1541 t
717 1501 798 1539 mmm

182 1507 197 1538 a
355 1512 362 1542 a
397 1510 448 1542 rou
464 1511 494 1542 es.
570 1509 594 1542 es
608 1507 676 1540 aurun
694 1510 701 1540 ε

128 1561 152 1603 te
162 1555 293 1618 interponis
314 1558 352 1614 De
366 1510 414 1612 edis
424 1559 491 1606 bonis
505 1559 538 1606 ita
547 1559 596 1617 dat,
611 1565 638 1604 ut
647 1559 678 1604 ab
687 1559 739 1617 jure
750 1570 798 1603 non

129 1621 201 1672 abeat.
226 1620 292 1678 Quid
304 1621 383 1680 habes,
394 1623 458 1686 quod
467 1622 637 1685 reprehendas?
657 1621 734 1680 Nihil,
748 1620 800 1682 opi·

129 1697 179 1736 nor.
201 1684 238 1730 At
252 1699 294 1746 ego
308 1685 420 1740 concedo:
437 1686 542 1749 prohibe,
558 1686 667 1748 sipotes3
685 1685 704 1734 si
718 1685 798 1742 habes,

130 1747 172 1810 qui
183 1760 205 1794 te
215 1748 309 1805 audiat3
326 1749 346 1802 si
355 1758 429 1812 potest
443 1751 487 1799 tibi
501 1750 561 1797 dicto
574 1749 669 1797 audiens
679 1763 727 1796 esse
735 1748 799 1812 quis-

130 1826 209 1874 quam
225 1812 317 1875 Eripias
332 1822 359 1860 tu
373 1815 515 1862 voluntatem
532 1813 637 1874 mortuis,
654 1815 716 1861 bona
732 1812 798 1873 viris,

128 1876 168 1936 ius
186 1877 311 1924 omnibus?
331 1877 384 1926 Hoc
402 1879 503 1941 populus
522 1878 643 1926 Romanus
661 1891 708 1925 non
726 1891 800 1924 manu

130 1939 273 2001 viudicdsset,
290 1941 334 1990 nisi
348 1949 371 1990 te
385 1941 439 1989 huic
453 1942 551 2005 tempori
566 1951 635 2005 atque
649 1941 703 2000 huic
712 1941 800 2002 Judim'o

130 2005 281 2054 reservisset?
299 2005 449 2068 Posteaquam
460 2007 499 2067 jus
509 2007 640 2069 pretorium
649 2005 801 2054 constitutum

130 2077 173 2128 cst,
185 2084 273 2132 semper
282 2070 326 2118 hoc
332 2071 384 2131 jure
392 2070 428 2118 uei
438 2086 532 2118 sumus:
544 2071 565 2118 si
575 2071 660 2119 tabule
670 2069 801 2118 testamenti

131 2146 177 2180 non
189 2135 350 2196 proferrentur,
367 2143 427 2193 tum,
443 2135 478 2182 uti
488 2135 621 2198 proximum
632 2145 802 2198 quemquepo·

130 2196 246 2244 tissimum
256 2197 370 2245 heredem
378 2214 425 2246 esse
433 2207 553 2261 oporteret,
564 2199 597 2246 ita
607 2198 734 2247 seeundum
746 2213 801 2246 eum

130 2262 240 2324 possessio
251 2261 348 2309 darenm
374 2263 452 2321 Quare
462 2263 506 2310 hoc
517 2263 547 2310 sit
557 2263 722 2326 equissimum',
734 2262 803 2310 facile

131 2333 165 2372 est
180 2323 273 2372 docerer
291 2325 338 2384 sed,
355 2326 379 2373 in
394 2342 419 2374 re
436 2335 484 2374 tarn
499 2327 592 2384 usitata,
609 2327 663 2374 satis
677 2335 711 2374 est
724 2335 802 2376 osten·

131 2385 193 2446 dere,
210 2394 289 2434 omnes
299 2399 366 2436 antea
374 2390 412 2450 jus
422 2391 455 2438 ita
466 2390 558 2450 dixisse,
575 2399 598 2438 et
607 2391 651 2439 hoc
662 2399 728 2438 vetus
740 2391 804 2438 edio·

131 2458 183 2502 tum
194 2451 402 2517 translatitiumque
412 2469 466 2502 esse.

164 2511 244 2560 XLV.
261 2514 396 2576 Cognoscite
405 2519 469 2566 aliud
476 2518 577 2566 hominis
587 2519 612 2566 in
623 2527 731 2567 revetere
739 2517 808 2566 edic-⁹

130 2579 183 2632 term
197 2589 298 2623 novum:
316 2587 339 2626 et
349 2581 427 2638 simul,
443 2582 501 2629 dum
512 2592 546 2630 est
556 2582 618 2631 unde
626 2583 666 2643 jus
677 2583 744 2631 civile
754 2581 803 2630 dis-

128 2646 203 2700 catur,
220 2639 371 2690 adolescentes
381 2643 435 2692 eiin
445 2645 590 2710 disciplinam
600 2645 690 2695 tradite.
706 2646 807 2702 mmm
