1828 2966
149 119 195 166 {tt
293 115 336 204 th
349 111 497 163 VERREM
515 112 536 160 Ι.
554 111 618 162 Car.
631 113 669 162 ll'·

145 242 233 296 Decem
243 244 291 294 dies
301 251 355 293 sunt
364 250 418 290 anta
426 241 494 290 ludos
503 242 599 302 votivos,
626 256 669 292 uoc
683 239 727 290 Gn.
739 241 820 290 Pom·

144 312 211 376 peine
221 309 322 358 facturus
333 315 373 356 est
390 307 426 354 Hi
435 305 487 354 ludi
496 305 544 354 diae
554 257 686 370 quindecim
697 305 817 356 autumn

145 377 228 424 deinde
234 374 341 422 continuo
350 371 452 421 Romani
458 379 630 436 consequentur.
644 371 759 434 Itapmpe
765 370 817 418 Xla

145 439 227 490 diebus
237 437 382 500 interpositis,
394 443 445 482 tunr
456 435 563 499 deumne,
575 450 599 482 se
609 435 639 482 ad
649 450 676 482 ee
684 451 737 498 quae
747 451 762 482 a
775 449 820 482 no·

145 506 181 554 bis
192 505 252 552 dicta
260 509 335 561 enmt,
346 515 492 563 responsuros
503 515 550 547 esse
560 498 714 546 arbitrantur:
732 499 818 547 deinde

145 569 296 624 seductores,
308 574 331 612 et
341 563 436 612 dicendo
447 572 469 611 et
480 563 618 620 excusando,
629 563 696 611 facile
707 563 736 610 ad
746 563 817 612 ludos

143 633 259 682 Victoriae.
277 629 339 677 Cum
349 628 385 675 his
393 627 495 704 plebeios
506 643 553 675 esse
567 627 714 687 conjunctos3
732 641 816 675 semin.

144 696 201 744 dum
212 709 278 759 quos,
291 702 331 741 aut
341 693 401 740 nulls
415 701 455 739 aut
469 691 536 755 pauci
551 691 599 739 dics
609 691 639 738 ad
650 691 766 754 agendum
777 691 817 738 fu-

143 761 191 808 turi
202 767 261 808 sunt
279 759 317 806 Ita
327 754 414 805 defessi
424 772 450 804 ac
461 753 592 818 refrigerati
602 756 753 814 accusatione,
765 771 817 804 rem

144 825 258 886 integrum
276 823 305 870 ad
323 822 360 870 M.
379 821 504 868 Metellum
523 828 644 883 praetorem
664 835 712 867 esse
731 828 816 868 ventu-

144 904 211 936 ram:
230 902 300 951 quem
315 902 357 949 ego
371 885 497 943 hominem,
510 885 529 931 si
544 886 593 944 ejus
608 883 662 931 fidei
676 884 765 932 diffisus
780 900 816 932 as·

144 968 202 1012 seru,
211 952 313 1013 judicem
324 964 370 998 non
380 949 531 996 retinuissem.
554 949 626 995 Nunc
636 957 714 996 tamen
725 964 752 996 ao
763 950 815 996 eni-

143 1032 183 1064 mo
202 1031 262 1075 sum,
280 1025 308 1062 ut
326 1030 353 1062 eo
369 1012 455 1074 judice,
473 1028 544 1076 quam
563 1021 669 1076 practura,
684 1013 746 1061 hanc
763 1029 814 1062 rem

143 1081 239 1144 trmsigi
249 1079 346 1135 malinis
364 1087 386 1125 et
394 1078 471 1138 jurato
482 1092 557 1138 suam,
566 1091 637 1140 quam
644 1076 745 1138 injurato
755 1079 815 1126 alio·

142 1162 196 1194 rum
207 1145 302 1194 tabellas
312 1143 460 1206 committere.

175 1211 222 1260 XI.
240 1209 312 1258 Nunc
329 1223 379 1270 ego,
396 1206 492 1268 judices,
508 1207 558 1266 jam
577 1220 616 1254 vos
633 1206 736 1264 consulo,
754 1206 813 1271 quid

142 1276 202 1324 mihi
212 1275 342 1323 faciendum
353 1272 444 1335 putetis.
471 1270 500 1317 ld
511 1271 573 1318 enim
584 1269 672 1318 consilii
686 1271 745 1318 mihi
758 1287 814 1335 pro-

142 1341 201 1388 fecto
212 1339 275 1386 taciti
285 1337 376 1395 dabitis,
388 1335 450 1400 quod
464 1343 554 1398 egomet
569 1335 628 1381 mihi
639 1336 765 1384 necessario
775 1351 814 1384 ca·

142 1403 253 1467 piendum
264 1403 311 1449 inte
331 1401 336 1412 ’
354 1416 374 1449 ο.
392 1401 417 1448 Si
424 1409 476 1446 utar
482 1399 511 1446 cd
519 1398 641 1446 dicendum
649 1413 701 1446 meo
707 1400 813 1462 legitimo

142 1476 260 1529 temperet
277 1466 324 1512 mei
349 1464 431 1522 eboris,
446 1463 572 1521 industria,
588 1463 758 1528 diligentiaque
775 1481 813 1513 ca·

141 1530 205 1594 piam
216 1530 318 1576 fructum
328 1545 334 1575 r
352 1537 412 1576 etex
419 1528 560 1575 accusatione
570 1528 696 1592 perficiam,
705 1538 733 1576 ut
743 1543 813 1577 nemo

141 1609 246 1657 unquam
257 1601 308 1657 post
318 1593 439 1639 hominurn
450 1592 585 1640 memoriam
594 1592 702 1654 paratior,
714 1593 813 1656 vigilan.

141 1659 194 1717 tior,
206 1657 358 1722 compositior,
370 1656 400 1703 ad
408 1657 523 1716 judicium
531 1656 618 1703 venisse
626 1656 737 1704 videatur.
754 1658 810 1718 Sed,

140 1723 166 1771 in
177 1723 220 1771 hac
231 1723 300 1770 laude
310 1721 427 1769 industriae
438 1736 504 1795 rnen,
519 1735 571 1794 reus
582 1735 611 1767 ne
622 1721 734 1779 elabatur,
747 1738 812 1770 sum.

140 1785 527 1912 difficultatibus?
534 1785 812 1912 'illiditur

140 1918 253 1966 Fructum
264 1915 335 1964 ismm
345 1913 428 1971 laudis,
438 1913 479 1976 qui
490 1929 519 1962 ex
526 1913 637 1976 perpetui
645 1914 746 1962 oratione
757 1931 810 1980 per.

139 1982 186 2045 cipi
195 1981 279 2045 potuit,
290 1980 314 2027 in
325 1979 371 2026 alia
382 1987 485 2042 tempora
494 1991 647 2026 reservemus:
660 1991 723 2026 nunc
733 1979 811 2027 homi.

139 2061 195 2094 nem
206 2046 299 2104 tabulis,
310 2043 414 2101 testibus,
422 2042 517 2105 privatis
524 2040 668 2105 publicisque
675 2041 748 2091 literis
755 2060 811 2092 auc-

137 2110 322 2173 toritatibusque‚
327 2122 465 2156 accusemus.
475 2107 522 2153 Res
529 2106 603 2153 omnis
609 2105 667 2152 mihi
674 2115 750 2154 tecum
759 2107 810 2167 erit,

140 2174 258 2224 Hortensi.
282 2172 367 2220 Dicam
381 2179 465 2235 aperte.
491 2171 516 2219 Si
530 2178 553 2217 te
566 2184 658 2218 mecum
673 2169 770 2219 dicendo
785 2187 812 2222 ac

140 2237 255 2286 diluendis
269 2237 403 2284 criminibus
415 2236 440 2282 in
454 2235 498 2282 hac
514 2234 582 2282 cousi
596 2233 732 2282 contendere
742 2245 813 2298 puta·

138 2317 189 2349 rem
198 2319 206 2358 ς
224 2316 266 2364 ego
277 2316 369 2364 quoque
379 2300 404 2347 in
414 2299 549 2359 accusando,
558 2307 627 2362 atque
634 2299 659 2345 in
668 2300 811 2362 explicandis

139 2365 282 2424 criminibus,
301 2380 395 2428 operam
412 2379 576 2412 consumerem.
600 2363 679 2422 Nunc,
697 2365 811 2427 quoniam

139 2443 243 2493 pugnare
253 2436 331 2476 contra
342 2444 380 2476 me
389 2428 515 2488 instituisti,
526 2441 573 2474 non
587 2435 637 2474 tam
647 2442 676 2474 ex
687 2429 730 2475 tui
740 2438 811 2476 notu.

139 2493 175 2551 ri,
187 2507 258 2554 quam
269 2507 298 2539 ex
308 2491 373 2540 istius
384 2501 486 2554 tempore
500 2500 523 2539 et
533 2491 610 2549 musi,
621 2485 750 2548 mulitios'e3
768 2508 811 2554 na,-

139 2570 201 2602 oesse
211 2565 245 2602 est
254 2555 383 2603 istiusmodi
396 2555 479 2602 rationi
493 2555 572 2618 aliquo
586 2555 680 2603 consilio
690 2555 809 2605 obsistere

139 2618 262 2666 'l'uaratio
276 2627 319 2676 est,
333 2617 369 2678 ut,
384 2618 511 2666 meandum
525 2619 592 2668 binos
605 2618 681 2677 ludos,
697 2619 759 2668 mibi
773 2637 811 2670 re·

137 2681 250 2746 spondere
262 2681 373 2747 incipim
389 2696 450 2745 maa,
460 2690 488 2730 ut
502 2690 557 2733 anta
569 2682 813 2754 pn‘mcsludcscptn-
