1824 2968
272 111 342 164 PRO
358 112 388 163 Ρ.
405 111 564 174 QUINTIO.
575 111 640 162 Gar.
650 113 675 160 4.
805 112 821 168 7

184 239 274 302 Quare,
290 241 354 306 quod
371 242 459 292 aonium
475 241 517 291 ubi
534 255 588 290 eum
604 241 673 290 velles
687 239 821 304 adjungere,

118 313 123 322 ’
155 304 278 364 nibilsrat,
291 307 368 355 nisiut
381 307 405 355 in
416 304 721 370 tuipsouniioondisceret‚
732 305 824 380 qui-pa-

153 369 229 418 ounia
239 369 327 419 fruoms
337 382 401 420 eom.
428 371 529 430 Tamen,
540 370 647 417 inductus
661 369 824 418 consuetudine

155 449 182 482 ac
198 434 362 495 familiaritate,
378 435 489 496 Quintius
504 434 557 482 feeit
572 437 609 487 (ut
624 432 683 491 dixi)
694 432 823 480 societatem

156 507 237 568 aarum
247 514 324 546 rerum
335 516 388 563 quaa
395 501 420 547 in
432 498 510 546 Gallis
520 499 716 561 comparabantur.
733 496 792 544 Erat
802 498 824 545 si

156 562 403 628 pecwinresampla,
414 560 824 611 etrustioasanebenecultaetiruc·

156 635 229 676 tussa.
246 626 348 675 Tollitur
358 631 388 675 ab
399 627 461 675 atriis
472 627 575 686 liciniis,
587 635 656 690 atque
666 642 680 674 a
692 641 824 690 praeoonum

156 704 270 750 oonsessu,
287 691 312 738 in
329 692 431 739 Galliam
443 691 548 750 Navius,
563 699 586 738 et
596 699 658 738 trans
668 690 742 753 Alpes
752 706 826 753 usque

158 753 300 801 nansiernsr.
328 756 369 802 Fu
385 771 469 818 magna
485 755 582 802 mutatio
600 755 652 812 loci,
670 769 716 801 non
729 755 824 818 ingenii.

159 817 234 876 Nam,
247 818 288 879 qui
296 819 325 865 ab
336 819 501 867 adoloeoentulo
511 827 625 882 quaesturn
636 819 678 866 sibi
692 818 826 867 instituisset

160 881 210 928 sine
222 881 347 943 impendio,
358 891 505 947 posteaquam
515 883 589 930 nescio
603 883 660 946 quid
670 881 791 944 impendit,
803 891 827 930 et

161 944 188 990 in
209 959 330 994 oonrmune
351 948 454 1007 oontulit,
472 947 580 996 mediocri
599 955 688 1010 quaestu
706 955 825 994 oontentus

164 1023 211 1055 esse
221 1023 266 1056 non
276 1019 370 1073 poterat.
388 1012 438 1060 Nec
446 1012 541 1070 mitum,
552 1011 571 1058 si
582 1011 609 1069 is,
621 1011 663 1074 qui
670 1025 748 1058 vocem
757 1025 826 1058 vena-

163 1071 209 1120 lem
219 1073 337 1135 habuerat,
354 1092 389 1135 ea,
401 1091 454 1139 quas
468 1091 521 1124 voos
536 1076 663 1139 quesierat,
680 1089 765 1136 magno
782 1075 826 1122 sibi

162 1138 259 1200 quassari
269 1138 317 1187 fore
331 1142 435 1203 putabat.
453 1140 543 1203 Itaque,
559 1140 658 1198 hercule,
667 1139 730 1185 haud
739 1139 827 1186 medio-

161 1201 227 1249 criter
237 1202 266 1250 (le
277 1205 404 1264 communi,
415 1205 529 1268 quidquid
536 1211 632 1266 poterat,
644 1203 674 1249 ad
685 1218 707 1249 se
715 1202 740 1249 in
750 1203 826 1264 priva·

161 1273 210 1313 tam
220 1266 317 1314 domum
328 1271 462 1316 sevoosbats
479 1269 527 1331 qui
537 1267 562 1314 in
576 1283 601 1314 re
616 1267 649 1313 ita
661 1266 757 1328 diligens
770 1276 826 1326 erat,

159 1330 226 1393 quasi
236 1331 262 1390 ii,
272 1332 313 1395 qui
324 1333 412 1395 magni
421 1333 467 1381 fide
484 1332 614 1380 societatem
630 1337 741 1393 gererem,
754 1327 834 1390 [arbi-·
879 1381 882 1386 ,

160 1394 244 1458 trium]
257 1411 299 1459 pro
307 1397 366 1444 sosio
376 1396 523 1445 sondemnsri
529 1396 632 1444 solerent.
649 1395 747 1455 Verum,
754 1395 791 1442 his
798 1396 828 1443 de

160 1459 237 1518 rebtu,
255 1475 304 1508 non
322 1475 410 1510 necesse
428 1462 502 1509 habeo
522 1461 596 1508 dicere
617 1476 652 1518 ea,
672 1476 725 1523 quae
741 1475 779 1506 me
798 1460 827 1506 P.

161 1521 273 1580 Quintius
284 1525 348 1588 cupit
358 1531 549 1573 commemorares
567 1525 657 1572 tametsi
671 1540 740 1572 causa
749 1533 828 1587 postu-

160 1587 203 1648 lat,
214 1596 300 1648 tamen,
312 1589 367 1653 quia
376 1591 486 1654 pouulat,
496 1604 543 1636 non
553 1588 649 1651 flamus,
660 1589 787 1652 preteribo.
821 1613 824 1620 ,

195 1652 241 1700 IV.
259 1653 321 1701 Cum
335 1668 406 1701 annos
419 1656 477 1728 jam¹
484 1655 611 1729 complures
625 1654 718 1728 societas
728 1660 793 1714 esset,
805 1660 828 1700 et

163 1727 415 1846 immi
422 1718 533 1830 itti
542 1719 638 1830 llll
651 1717 829 1841 illiti?

163 1859 222 1908 quas
229 1846 333 1904 libidine,
344 1861 391 1894 non
398 1847 493 1905 ratione,
507 1855 619 1910 gesseram
636 1846 733 1894 moritur
738 1845 763 1892 in
772 1844 830 1892 Gal-

163 1907 197 1957 lii
211 1909 331 1970 Quintius,
342 1925 396 1958 curn
413 1911 501 1958 adeoeet
514 1911 627 1967 Naevius3
644 1919 667 1958 et
683 1910 780 1957 moritur
794 1925 830 1957 re-

164 1974 266 2036 pentino.
300 1973 423 2022 Heredem
444 1982 580 2022 testamento
601 1973 694 2036 reliquit
715 1974 777 2020 hunc
800 1974 829 2020 P.

166 2037 306 2096 Quintium
323 2046 359 2099 ut,
374 2039 484 2101 siquem
495 2053 599 2086 summus
609 2054 692 2085 moeror
700 2046 774 2085 morte
788 2037 831 2085 sui

166 2102 429 2163 veniebatndeumdem
437 2117 542 2150 summus
548 2103 620 2150 honos
628 2117 720 2164 quoque
728 2101 831 2163 perveni-

166 2173 208 2213 ret.
238 2165 293 2224 Quo
309 2174 409 2226 mortuo,
426 2167 514 2215 nocito
527 2167 602 2213 multo
620 2173 671 2228 post
687 2165 712 2212 in
730 2165 831 2212 Galliam

167 2229 316 2294 proficiscitur
325 2230 443 2289 Quintius.
469 2231 508 2278 Ibi
518 2245 572 2278 oum
582 2230 625 2277 isto
636 2229 719 2278 Navio
732 2229 831 2276 familia-

166 2294 222 2342 riter
238 2294 300 2342 vivit.
323 2295 422 2342 Annum
433 2294 480 2342 fere
490 2295 538 2342 uni
552 2303 614 2353 sunt,
625 2309 679 2341 eum
690 2303 713 2342 et
725 2293 753 2340 tle
763 2293 833 2340 socie-

167 2367 215 2406 tate
230 2359 289 2406 inter
303 2374 327 2406 se
342 2359 418 2406 multa
433 2359 635 2416 communicarent,
647 2367 670 2406 et
685 2358 714 2406 de
726 2355 773 2404 tota
791 2355 833 2404 illi

166 2423 254 2470 ratione
270 2431 340 2486 atque
354 2438 379 2470 re
396 2422 531 2480 Gallioanla3
548 2437 622 2486 neque
638 2423 723 2470 interea
737 2423 833 2468 verbum

165 2487 243 2534 ullum
257 2486 392 2550 interposuit
403 2487 506 2545 Naevius,
517 2496 558 2535 aut
568 2487 696 2534 societatem
711 2485 755 2533 sibi
765 2483 833 2546 quid-

166 2551 231 2614 piam
242 2551 331 2610 debere‚
340 2560 381 2599 aut
390 2551 498 2614 privatim
509 2551 633 2610 Quintium
644 2549 754 2597 debuisse.
771 2547 834 2594 Cum

165 2615 217 2665 aeris
228 2614 296 2664 alieni
310 2615 480 2679 aliquantulum
496 2623 554 2664 asset
566 2615 679 2672 relietum,
695 2611 779 2676 quibus
793 2624 835 2656 no·
