1824 2968
123 137 154 186 tt
251 131 319 182 PRO
331 131 359 180 P.
371 127 531 192 QUINTIO.
547 127 611 182 Ger.
625 130 663 178 15.
679 178 681 182 ,

125 263 180 312 dem
189 275 264 326 neque
272 262 311 321 jue
321 276 377 320 esse,
387 275 463 324 neque
472 258 582 323 cuiquem
592 255 707 322 expedire.
727 253 793 316 Quid

125 327 196 391 igitur
214 325 382 390 demonstreti-
397 323 555 374 vedimonium
573 323 617 370 sibi
635 322 668 370 sit
686 336 733 370 esse
752 321 798 390 def

126 400 220 441 sertum.

159 456 216 504 XV.
233 455 368 518 Antequam
383 453 451 500 doceo
465 452 490 498 id
506 452 593 502 fectum
608 465 655 498 non
669 465 725 509 esse,
736 449 794 498 libet

126 521 194 579 mihi,
206 519 233 568 G.
245 518 345 582 Aquilli,
357 533 386 564 ex
394 516 463 564 officii
470 515 564 575 ratione,
573 523 643 578 etque
650 530 680 562 ex
687 515 795 562 omnium

127 583 298 642 consuetudine,
309 597 359 629 rem
369 581 443 642 ipsum
454 588 477 627 et
484 579 570 627 fectum
579 579 648 626 simul
657 579 710 626 Sex.
717 578 742 624 N
744 578 796 625 aevii

127 649 273 697 considerare.
290 645 331 692 Ad
340 644 497 693 vadimonium
504 659 551 690 non
562 653 654 691 venerat
665 645 702 698 (ut
711 643 755 701 uis)
765 643 795 703 is,

127 714 224 777 quicum
234 711 276 759 tibi
287 710 392 770 effinites,
404 708 504 767 cedetne,
516 723 595 754 onmes
609 707 708 769 denique
722 722 797 754 causes

127 785 151 824 ct
161 775 335 824 necessitudines
345 783 438 830 veteres,
453 771 628 820 intercedebant.
655 771 751 818 Illicoue
765 769 796 819 ed

127 849 248 904 pretorem
262 839 295 886 ire
309 836 431 886 convenit?
448 835 584 884 continuone
597 851 678 883 verum
688 834 734 882 fuit
743 851 797 898 pos·
838 886 839 889 Ἴ

127 904 210 964 tulere,
221 912 248 950 ut
259 919 287 950 ex
299 901 371 950 edicto
381 900 566 963 boua·possidere
575 900 672 948 liceret?
695 898 736 945 Ad
746 899 797 948 lraec

127 975 230 1014 extreme
240 975 263 1014 et
273 965 429 1012 inimicissime
439 965 492 1025 jure
502 972 550 1011 turn
561 963 643 1026 cupide
653 961 795 1024 decumbas,

127 1031 163 1077 uti
173 1031 215 1078 tibi
225 1031 284 1076 nihil
293 1030 318 1076 iu
329 1037 454 1092 posterum,
465 1028 528 1091 quod
537 1027 628 1091 gratim
639 1035 708 1091 etque
716 1028 796 1076 crude-

126 1095 172 1142 lius
182 1095 255 1142 fscere
265 1109 349 1158 posses,
360 1096 502 1140 reservares?
552 1119 555 1124 ·

161 1160 225 1207 Num
236 1159 292 1222 quid
302 1157 391 1206 homini
403 1166 478 1221 potest
489 1157 587 1220 turpius,
599 1155 657 1220 quid
667 1156 715 1204 viro
725 1157 795 1204 mise-

126 1223 175 1272 rius
186 1233 226 1270 eut
236 1224 346 1282 acerbius,
358 1239 403 1270 usu
413 1222 507 1270 venire?
524 1222 586 1285 quod
600 1229 691 1268 tentum
706 1221 796 1270 evenire

127 1288 232 1348 dedecus,
244 1305 296 1352 quae
306 1295 370 1335 tenta
381 1287 497 1335 calamites
507 1286 604 1334 inveniri
612 1285 703 1348 potest?
720 1285 795 1350 Pecu.

126 1352 190 1399 nium
201 1353 221 1400 si
234 1353 334 1414 cuipiam
348 1352 441 1399 fortune
454 1351 601 1424 ademisset
608 1351 632 1424 'si
643 1349 739 1424 alicujus
750 1351 796 1398 eri.

126 1415 794 1542 &similitudimem

126 1551 167 1590 eut
181 1542 308 1606 ignominiis
322 1543 423 1601 affectus,
438 1552 479 1591 eut
490 1543 577 1603 judicio
592 1542 654 1605 turpi
668 1542 794 1602 cosumus,

124 1607 191 1654 bonis
201 1606 295 1670 quidem
306 1607 353 1654 suis
363 1607 451 1663 utitur3
465 1607 558 1654 alterius
568 1621 622 1670 opes
630 1605 665 1660 (id
675 1606 737 1669 quod
748 1607 795 1653 mi-

124 1671 246 1718 serrimum
257 1679 299 1730 est)
311 1685 357 1718 non
368 1679 496 1733 exspectat:
513 1671 557 1719 hoc
567 1679 645 1718 temen
657 1671 682 1717 in
696 1670 795 1720 micenis

124 1735 258 1795 adjumento
274 1743 298 1782 et
314 1735 393 1782 solutio
410 1735 548 1782 sublevetur.
572 1735 646 1796 CuJus
662 1750 714 1783 vero
730 1735 800 1783 bone'

124 1799 258 1855 venierunt3
273 1799 469 1859 eujusnonmodo
477 1799 523 1846 illae
531 1798 793 1862 smpiissimaefortunae,

124 1863 244 1910 sedetiam
254 1863 326 1910 victus
337 1863 475 1926 vestitusque
485 1864 622 1911 necessarius
635 1865 678 1911 sub
688 1878 795 1926 praeoone

124 1941 179 1974 cnm
190 1927 297 1976 dedecere
307 1928 420 1987 subjectus
431 1935 476 1984 est;
491 1927 565 1975 isuon
575 1927 644 1975 modo
655 1941 795 1976 exnumero

124 1991 226 2039 virorum
237 1993 379 2050 exturbetur,
391 1991 438 2049 sed,
454 1991 473 2038 ei
487 1991 537 2039 fieri
548 2000 631 2054 potest,
646 1990 707 2038 infre
721 1991 794 2040 etiem

124 2064 226 2103 mortuos
236 2055 379 2120 emundetur.
403 2054 497 2102 Etenim
507 2071 568 2103 mors
578 2055 673 2102 honeste
683 2071 743 2118 saepe
756 2057 794 2104 vi-

125 2126 174 2166 tem
191 2136 284 2183 quoque
301 2129 392 2182 turpem
410 2128 519 2176 exornet3
535 2120 582 2169 vite
593 2120 665 2184 turpis
676 2120 792 2181 nehmorti

124 2183 218 2245 quidem
228 2184 328 2232 bouestae
338 2184 415 2232 locum
425 2183 541 2248 relinquit.

156 2246 229 2308 Ergo,
239 2246 338 2307 hercule,
352 2250 417 2308 cujus
431 2249 492 2296 bone
506 2264 536 2296 ex
550 2248 623 2297 edicto
636 2247 792 2312 possideantur,

123 2309 193 2370 hujus
212 2312 286 2358 omnis
302 2312 366 2359 seme
383 2320 406 2359 et
421 2312 558 2360 existimatio
573 2329 627 2361 cum
640 2313 705 2361 bonis
720 2312 793 2361 simul

122 2374 264 2436 possidetur:
281 2375 311 2422 de
325 2391 371 2438 quo
385 2375 457 2422 libelli
471 2376 496 2423 in
511 2377 661 2426 celeberrimis
670 2376 726 2424 loeis
735 2392 793 2440 pro·

122 2446 249 2499 ponuntur,
264 2438 318 2486 huic
330 2454 359 2488 ne
373 2440 446 2502 perire
457 2439 551 2504 quidem
562 2449 621 2489 certe
631 2441 698 2488 ncite
708 2442 794 2490 obscu-

122 2515 193 2564 reque
203 2502 339 2550 conceditur.
356 2503 402 2551 cui
412 2505 515 2566 magistri
525 2506 592 2564 fiunt,
604 2515 627 2553 et
637 2505 725 2552 domini
736 2521 794 2558 oon·

123 2563 258 2625 stituuntur,
270 2566 320 2630 qui,
335 2567 383 2629 qui
399 2568 449 2630 lege
463 2577 486 2616 et
500 2569 548 2632 qui
561 2569 689 2618 conditione
703 2578 792 2632 pereat,

122 2629 286 2691 pronuntieut3
300 2631 328 2678 de
338 2646 385 2695 quo
395 2631 488 2682 homine
498 2634 607 2698 preconis
618 2633 793 2698 vox'predieet,
803 2661 804 2668 ι
