<?xml version="1.0" encoding="UTF-8"?>
<!DOCTYPE html PUBLIC "-//W3C//DTD XHTML 1.0 Transitional//EN"
    "http://www.w3.org/TR/xhtml1/DTD/xhtml1-transitional.dtd">
<html xmlns="http://www.w3.org/1999/xhtml" xml:lang="en" lang="en">
 <head>
  <title>
</title>
<meta http-equiv="Content-Type" content="text/html;charset=utf-8" />
  <meta name='ocr-system' content='tesseract 3.04.00' />
  <meta name='ocr-capabilities' content='ocr_page ocr_carea ocr_par ocr_line ocrx_word'/>
</head>
<body>
  <div class='ocr_page' id='page_1' title='image "./operaexeditioni03cicegoog_0127.png"; bbox 0 0 1828 2966; ppageno 0'>
   <div class='ocr_carea' id='block_1_1' title="bbox 117 179 698 234">
    <p class='ocr_par' dir='ltr' id='par_1_1' title="bbox 117 179 698 234">
     <span class='ocr_line' id='line_1_1' title="bbox 117 179 698 234; baseline -0.01 -1"><span class='ocrx_word' id='word_1_1' title='bbox 117 183 164 234; x_wconf 78' lang='lat' dir='ltr'><strong>tro</strong></span> <span class='ocrx_word' id='word_1_2' title='bbox 214 181 255 232; x_wconf 81' lang='lat' dir='ltr'><strong>IN</strong></span> <span class='ocrx_word' id='word_1_3' title='bbox 269 179 454 231; x_wconf 72' lang='lat' dir='ltr'><strong>GAEOILIUH</strong></span> <span class='ocrx_word' id='word_1_4' title='bbox 470 179 582 230; x_wconf 79' lang='lat' dir='ltr'><strong>DIVIN.</strong></span> <span class='ocrx_word' id='word_1_5' title='bbox 595 179 661 229; x_wconf 75' lang='lat' dir='ltr'><strong>(lar.</strong></span> <span class='ocrx_word' id='word_1_6' title='bbox 673 182 698 228; x_wconf 84' lang='grc'><strong>8.</strong></span> 
     </span>
    </p>
   </div>
   <div class='ocr_carea' id='block_1_2' title="bbox 115 307 828 1982">
    <p class='ocr_par' dir='ltr' id='par_1_2' title="bbox 115 307 793 1772">
     <span class='ocr_line' id='line_1_2' title="bbox 145 307 789 370; baseline -0.003 -10"><span class='ocrx_word' id='word_1_7' title='bbox 145 307 789 370; x_wconf 66' lang='lat' dir='ltr'><strong>VI1.Atenmeotmntuest,utnesteuutmxime</strong></span> 
     </span>
     <span class='ocr_line' id='line_1_3' title="bbox 115 374 789 436; baseline -0.006 -10"><span class='ocrx_word' id='word_1_8' title='bbox 115 376 201 426; x_wconf 82' lang='lat' dir='ltr'><strong>velint:</strong></span> <span class='ocrx_word' id='word_1_9' title='bbox 219 377 318 424; x_wconf 79' lang='lat' dir='ltr'><strong>alterum</strong></span> <span class='ocrx_word' id='word_1_10' title='bbox 329 375 391 422; x_wconf 84' lang='lat' dir='ltr'><strong>illud</strong></span> <span class='ocrx_word' id='word_1_11' title='bbox 408 374 495 432; x_wconf 84' lang='lat' dir='ltr'><strong>(eredo)</strong></span> <span class='ocrx_word' id='word_1_12' title='bbox 511 376 634 422; x_wconf 78' lang='lat' dir='ltr'><strong>obscurum</strong></span> <span class='ocrx_word' id='word_1_13' title='bbox 650 381 692 432; x_wconf 77' lang='lat' dir='ltr'><strong>oct,</strong></span> <span class='ocrx_word' id='word_1_14' title='bbox 709 377 789 436; x_wconf 78' lang='lat' dir='ltr'><strong>aquo</strong></span> 
     </span>
     <span class='ocr_line' id='line_1_4' title="bbox 115 437 790 502; baseline -0.009 -12"><span class='ocrx_word' id='word_1_15' title='bbox 115 441 200 490; x_wconf 76' lang='lat' dir='ltr'><strong>Verres</strong></span> <span class='ocrx_word' id='word_1_16' title='bbox 217 441 313 488; x_wconf 74' lang='lat' dir='ltr'><strong>minium</strong></span> <span class='ocrx_word' id='word_1_17' title='bbox 331 455 355 488; x_wconf 84' lang='lat' dir='ltr'><strong>te</strong></span> <span class='ocrx_word' id='word_1_18' title='bbox 372 439 473 487; x_wconf 73' lang='lat' dir='ltr'><strong>mutari</strong></span> <span class='ocrx_word' id='word_1_19' title='bbox 487 439 549 486; x_wconf 83' lang='lat' dir='ltr'><strong>velit.</strong></span> <span class='ocrx_word' id='word_1_20' title='bbox 577 437 666 502; x_wconf 69' lang='lat' dir='ltr'><strong>Ecquis</strong></span> <span class='ocrx_word' id='word_1_21' title='bbox 681 452 790 500; x_wconf 85' lang='lat' dir='ltr'><strong>unquam</strong></span> 
     </span>
     <span class='ocr_line' id='line_1_5' title="bbox 115 501 790 568; baseline -0.009 -14"><span class='ocrx_word' id='word_1_22' title='bbox 115 513 164 554; x_wconf 82' lang='lat' dir='ltr'><strong>tem</strong></span> <span class='ocrx_word' id='word_1_23' title='bbox 174 506 253 568; x_wconf 79' lang='lat' dir='ltr'><strong>palam</strong></span> <span class='ocrx_word' id='word_1_24' title='bbox 264 505 292 551; x_wconf 84' lang='lat' dir='ltr'><strong>dc</strong></span> <span class='ocrx_word' id='word_1_25' title='bbox 303 503 397 563; x_wconf 86' lang='lat' dir='ltr'><strong>honore,</strong></span> <span class='ocrx_word' id='word_1_26' title='bbox 408 511 457 550; x_wconf 79' lang='lat' dir='ltr'><strong>tam</strong></span> <span class='ocrx_word' id='word_1_27' title='bbox 465 503 610 550; x_wconf 71' lang='lat' dir='ltr'><strong>vehomenter</strong></span> <span class='ocrx_word' id='word_1_28' title='bbox 621 503 650 550; x_wconf 86' lang='lat' dir='ltr'><strong>de</strong></span> <span class='ocrx_word' id='word_1_29' title='bbox 661 503 735 550; x_wconf 75' lang='lat' dir='ltr'><strong>salute</strong></span> <span class='ocrx_word' id='word_1_30' title='bbox 746 501 790 549; x_wconf 62' lang='lat' dir='ltr'><strong>rufi</strong></span> 
     </span>
     <span class='ocr_line' id='line_1_6' title="bbox 115 565 792 632; baseline -0.006 -14"><span class='ocrx_word' id='word_1_31' title='bbox 115 569 240 628; x_wconf 76' lang='lat' dir='ltr'><strong>contendit,</strong></span> <span class='ocrx_word' id='word_1_32' title='bbox 256 583 327 632; x_wconf 85' lang='lat' dir='ltr'><strong>quom</strong></span> <span class='ocrx_word' id='word_1_33' title='bbox 338 567 387 627; x_wconf 85' lang='lat' dir='ltr'><strong>ille,</strong></span> <span class='ocrx_word' id='word_1_34' title='bbox 404 575 474 630; x_wconf 85' lang='lat' dir='ltr'><strong>atque</strong></span> <span class='ocrx_word' id='word_1_35' title='bbox 488 567 551 614; x_wconf 80' lang='lat' dir='ltr'><strong>illiue</strong></span> <span class='ocrx_word' id='word_1_36' title='bbox 567 567 644 624; x_wconf 84' lang='lat' dir='ltr'><strong>amici,</strong></span> <span class='ocrx_word' id='word_1_37' title='bbox 655 575 683 613; x_wconf 92' lang='lat' dir='ltr'><strong>ut</strong></span> <span class='ocrx_word' id='word_1_38' title='bbox 698 581 728 613; x_wconf 88' lang='lat' dir='ltr'><strong>ne</strong></span> <span class='ocrx_word' id='word_1_39' title='bbox 738 565 792 614; x_wconf 80' lang='lat' dir='ltr'><strong>haec</strong></span> 
     </span>
     <span class='ocr_line' id='line_1_7' title="bbox 116 630 792 695; baseline -0.004 -14"><span class='ocrx_word' id='word_1_40' title='bbox 116 633 175 682; x_wconf 90' lang='lat' dir='ltr'><strong>mihi</strong></span> <span class='ocrx_word' id='word_1_41' title='bbox 185 633 268 681; x_wconf 81' lang='lat' dir='ltr'><strong>deletio</strong></span> <span class='ocrx_word' id='word_1_42' title='bbox 279 630 365 679; x_wconf 83' lang='lat' dir='ltr'><strong>detur?</strong></span> <span class='ocrx_word' id='word_1_43' title='bbox 382 632 537 690; x_wconf 73' lang='lat' dir='ltr'><strong>summulae,</strong></span> <span class='ocrx_word' id='word_1_44' title='bbox 549 647 602 695; x_wconf 76' lang='lat' dir='ltr'><strong>quoe</strong></span> <span class='ocrx_word' id='word_1_45' title='bbox 613 631 697 678; x_wconf 77' lang='lat' dir='ltr'>Verres</span> <span class='ocrx_word' id='word_1_46' title='bbox 714 630 739 676; x_wconf 90' lang='lat' dir='ltr'><strong>in</strong></span> <span class='ocrx_word' id='word_1_47' title='bbox 750 643 792 678; x_wconf 80' lang='lat' dir='ltr'><strong>me</strong></span> 
     </span>
     <span class='ocr_line' id='line_1_8' title="bbox 116 695 793 759; baseline -0.007 -13"><span class='ocrx_word' id='word_1_48' title='bbox 116 713 164 746; x_wconf 79' lang='lat' dir='ltr'><strong>esse</strong></span> <span class='ocrx_word' id='word_1_49' title='bbox 175 697 306 754; x_wconf 75' lang='lat' dir='ltr'>arbitratur,</span> <span class='ocrx_word' id='word_1_50' title='bbox 318 711 371 759; x_wconf 76' lang='lat' dir='ltr'><strong>que</strong></span> <span class='ocrx_word' id='word_1_51' title='bbox 381 697 424 744; x_wconf 83' lang='lat' dir='ltr'><strong>ecit</strong></span> <span class='ocrx_word' id='word_1_52' title='bbox 433 695 458 743; x_wconf 93' lang='lat' dir='ltr'><strong>in</strong></span> <span class='ocrx_word' id='word_1_53' title='bbox 468 704 501 756; x_wconf 88' lang='lat' dir='ltr'><strong>te,</strong></span> <span class='ocrx_word' id='word_1_54' title='bbox 513 696 544 754; x_wconf 84' lang='lat' dir='ltr'><strong>Q.</strong></span> <span class='ocrx_word' id='word_1_55' title='bbox 556 695 644 755; x_wconf 81' lang='lat' dir='ltr'><strong>Caecili,</strong></span> <span class='ocrx_word' id='word_1_56' title='bbox 658 709 706 742; x_wconf 89' lang='lat' dir='ltr'><strong>non</strong></span> <span class='ocrx_word' id='word_1_57' title='bbox 722 709 771 742; x_wconf 82' lang='lat' dir='ltr'><strong>eoae</strong></span> <span class='ocrx_word' id='word_1_58' title='bbox 782 711 793 751; x_wconf 72' lang='grc' dir='ltr'><strong>ς</strong></span> 
     </span>
     <span class='ocr_line' id='line_1_9' title="bbox 115 759 790 825; baseline -0.003 -17"><span class='ocrx_word' id='word_1_59' title='bbox 115 777 168 825; x_wconf 81' lang='lat' dir='ltr'><strong>quta</strong></span> <span class='ocrx_word' id='word_1_60' title='bbox 179 759 308 822; x_wconf 85' lang='lat' dir='ltr'><strong>cujusmodi</strong></span> <span class='ocrx_word' id='word_1_61' title='bbox 318 760 343 807; x_wconf 84' lang='lat' dir='ltr'><strong>iu</strong></span> <span class='ocrx_word' id='word_1_62' title='bbox 354 769 451 824; x_wconf 87' lang='lat' dir='ltr'><strong>utroque</strong></span> <span class='ocrx_word' id='word_1_63' title='bbox 467 763 570 807; x_wconf 76' lang='lat' dir='ltr'><strong>nostrum</strong></span> <span class='ocrx_word' id='word_1_64' title='bbox 581 759 636 818; x_wconf 75' lang='lat' dir='ltr'><strong>sint,</strong></span> <span class='ocrx_word' id='word_1_65' title='bbox 648 759 719 821; x_wconf 88' lang='lat' dir='ltr'><strong>paulo</strong></span> <span class='ocrx_word' id='word_1_66' title='bbox 736 767 790 822; x_wconf 77' lang='lat' dir='ltr'><strong>post</strong></span> 
     </span>
     <span class='ocr_line' id='line_1_10' title="bbox 115 823 789 886; baseline -0.004 -13"><span class='ocrx_word' id='word_1_67' title='bbox 115 825 306 874; x_wconf 69' lang='lat' dir='ltr'><strong>commemorabo.</strong></span> <span class='ocrx_word' id='word_1_68' title='bbox 324 825 395 872; x_wconf 90' lang='lat' dir='ltr'><strong>Nunc</strong></span> <span class='ocrx_word' id='word_1_69' title='bbox 405 833 497 872; x_wconf 86' lang='lat' dir='ltr'><strong>tantum</strong></span> <span class='ocrx_word' id='word_1_70' title='bbox 504 823 529 870; x_wconf 85' lang='lat' dir='ltr'><strong>id</strong></span> <span class='ocrx_word' id='word_1_71' title='bbox 540 823 625 883; x_wconf 83' lang='lat' dir='ltr'><strong>dicum,</strong></span> <span class='ocrx_word' id='word_1_72' title='bbox 633 823 697 886; x_wconf 87' lang='lat' dir='ltr'><strong>quod</strong></span> <span class='ocrx_word' id='word_1_73' title='bbox 704 823 789 871; x_wconf 74' lang='lat' dir='ltr'><strong>tacitus</strong></span> 
     </span>
     <span class='ocr_line' id='line_1_11' title="bbox 116 888 792 950; baseline -0.006 -12"><span class='ocrx_word' id='word_1_74' title='bbox 116 897 143 938; x_wconf 85' lang='lat' dir='ltr'><strong>tu</strong></span> <span class='ocrx_word' id='word_1_75' title='bbox 154 889 213 936; x_wconf 90' lang='lat' dir='ltr'><strong>mihi</strong></span> <span class='ocrx_word' id='word_1_76' title='bbox 227 889 362 946; x_wconf 77' lang='lat' dir='ltr'><strong>assentiorer</strong></span> <span class='ocrx_word' id='word_1_77' title='bbox 380 889 470 935; x_wconf 79' lang='lat' dir='ltr'><strong>nullam</strong></span> <span class='ocrx_word' id='word_1_78' title='bbox 481 904 530 936; x_wconf 89' lang='lat' dir='ltr'><strong>rem</strong></span> <span class='ocrx_word' id='word_1_79' title='bbox 546 888 572 935; x_wconf 92' lang='lat' dir='ltr'><strong>in</strong></span> <span class='ocrx_word' id='word_1_80' title='bbox 591 903 630 936; x_wconf 90' lang='lat' dir='ltr'><strong>me</strong></span> <span class='ocrx_word' id='word_1_81' title='bbox 644 903 700 946; x_wconf 78' lang='lat' dir='ltr'><strong>eece,</strong></span> <span class='ocrx_word' id='word_1_82' title='bbox 717 903 792 950; x_wconf 82' lang='lat' dir='ltr'><strong>quarn</strong></span> 
     </span>
     <span class='ocr_line' id='line_1_12' title="bbox 117 953 792 1016; baseline -0.003 -14"><span class='ocrx_word' id='word_1_83' title='bbox 117 954 158 1002; x_wconf 88' lang='lat' dir='ltr'><strong>ille</strong></span> <span class='ocrx_word' id='word_1_84' title='bbox 175 961 322 1009; x_wconf 59' lang='lat' dir='ltr'><strong>contemnam</strong></span> <span class='ocrx_word' id='word_1_85' title='bbox 339 953 429 1000; x_wconf 78' lang='lat' dir='ltr'><strong>nullom</strong></span> <span class='ocrx_word' id='word_1_86' title='bbox 448 953 475 1000; x_wconf 91' lang='lat' dir='ltr'><strong>in</strong></span> <span class='ocrx_word' id='word_1_87' title='bbox 494 961 525 1013; x_wconf 86' lang='lat' dir='ltr'><strong>te,</strong></span> <span class='ocrx_word' id='word_1_88' title='bbox 544 967 617 1016; x_wconf 80' lang='lat' dir='ltr'><strong>quem</strong></span> <span class='ocrx_word' id='word_1_89' title='bbox 637 953 792 1015; x_wconf 74' lang='lat' dir='ltr'><strong>pertimescat</strong></span> 
     </span>
     <span class='ocr_line' id='line_1_13' title="bbox 117 1014 792 1082; baseline -0.004 -16"><span class='ocrx_word' id='word_1_90' title='bbox 117 1019 202 1082; x_wconf 78' lang='lat' dir='ltr'><strong>Itaque</strong></span> <span class='ocrx_word' id='word_1_91' title='bbox 212 1032 310 1080; x_wconf 80' lang='lat' dir='ltr'><strong>maguus</strong></span> <span class='ocrx_word' id='word_1_92' title='bbox 318 1017 358 1064; x_wconf 84' lang='lat' dir='ltr'><strong>ille</strong></span> <span class='ocrx_word' id='word_1_93' title='bbox 367 1016 472 1065; x_wconf 74' lang='lat' dir='ltr'><strong>defnsor</strong></span> <span class='ocrx_word' id='word_1_94' title='bbox 480 1017 596 1064; x_wconf 81' lang='lat' dir='ltr'><strong>etamicus</strong></span> <span class='ocrx_word' id='word_1_95' title='bbox 602 1018 652 1077; x_wconf 79' lang='lat' dir='ltr'><strong>ejus</strong></span> <span class='ocrx_word' id='word_1_96' title='bbox 659 1016 704 1064; x_wconf 87' lang='lat' dir='ltr'><strong>tibi</strong></span> <span class='ocrx_word' id='word_1_97' title='bbox 713 1014 792 1076; x_wconf 88' lang='lat' dir='ltr'><strong>[Hor-</strong></span> 
     </span>
     <span class='ocr_line' id='line_1_14' title="bbox 117 1080 792 1147; baseline -0.001 -18"><span class='ocrx_word' id='word_1_98' title='bbox 117 1083 216 1147; x_wconf 78' lang='lat' dir='ltr'><strong>tensius]</strong></span> <span class='ocrx_word' id='word_1_99' title='bbox 229 1081 382 1144; x_wconf 62' lang='lat' dir='ltr'><strong>suffragatum</strong></span> <span class='ocrx_word' id='word_1_100' title='bbox 399 1097 438 1129; x_wconf 89' lang='lat' dir='ltr'><strong>me</strong></span> <span class='ocrx_word' id='word_1_101' title='bbox 448 1090 583 1145; x_wconf 77' lang='lat' dir='ltr'><strong>oppugnat:</strong></span> <span class='ocrx_word' id='word_1_102' title='bbox 601 1089 679 1144; x_wconf 80' lang='lat' dir='ltr'><strong>aparte</strong></span> <span class='ocrx_word' id='word_1_103' title='bbox 687 1082 716 1128; x_wconf 86' lang='lat' dir='ltr'><strong>eb</strong></span> <span class='ocrx_word' id='word_1_104' title='bbox 725 1080 792 1141; x_wconf 83' lang='lat' dir='ltr'><strong>judi-</strong></span> 
     </span>
     <span class='ocr_line' id='line_1_15' title="bbox 117 1144 792 1212; baseline -0.004 -17"><span class='ocrx_word' id='word_1_105' title='bbox 117 1147 183 1195; x_wconf 84' lang='lat' dir='ltr'>cibus</span> <span class='ocrx_word' id='word_1_106' title='bbox 198 1147 264 1212; x_wconf 86' lang='lat' dir='ltr'><strong>petit‚</strong></span> <span class='ocrx_word' id='word_1_107' title='bbox 281 1154 308 1193; x_wconf 85' lang='lat' dir='ltr'><strong>ut</strong></span> <span class='ocrx_word' id='word_1_108' title='bbox 323 1154 349 1193; x_wconf 93' lang='lat' dir='ltr'><strong>tu</strong></span> <span class='ocrx_word' id='word_1_109' title='bbox 364 1145 423 1194; x_wconf 86' lang='lat' dir='ltr'><strong>mihi</strong></span> <span class='ocrx_word' id='word_1_110' title='bbox 438 1155 592 1209; x_wconf 65' lang='lat' dir='ltr'><strong>anteponam</strong></span> <span class='ocrx_word' id='word_1_111' title='bbox 610 1153 633 1192; x_wconf 86' lang='lat' dir='ltr'><strong>et</strong></span> <span class='ocrx_word' id='word_1_112' title='bbox 651 1146 692 1204; x_wconf 85' lang='lat' dir='ltr'><strong>nit,</strong></span> <span class='ocrx_word' id='word_1_113' title='bbox 702 1144 748 1193; x_wconf 88' lang='lat' dir='ltr'><strong>hoc</strong></span> <span class='ocrx_word' id='word_1_114' title='bbox 765 1160 792 1192; x_wconf 81' lang='lat' dir='ltr'><strong>sa</strong></span> 
     </span>
     <span class='ocr_line' id='line_1_16' title="bbox 116 1209 791 1271; baseline -0.009 -9"><span class='ocrx_word' id='word_1_115' title='bbox 116 1211 219 1271; x_wconf 82' lang='lat' dir='ltr'><strong>honeste,</strong></span> <span class='ocrx_word' id='word_1_116' title='bbox 237 1212 286 1261; x_wconf 83' lang='lat' dir='ltr'><strong>sin&#39;c</strong></span> <span class='ocrx_word' id='word_1_117' title='bbox 303 1209 352 1259; x_wconf 79' lang='lat' dir='ltr'><strong>unt</strong></span> <span class='ocrx_word' id='word_1_118' title='bbox 367 1209 462 1270; x_wconf 77' lang='lat' dir='ltr'><strong>invidit,</strong></span> <span class='ocrx_word' id='word_1_119' title='bbox 479 1227 505 1258; x_wconf 82' lang='lat' dir='ltr'><strong>cc</strong></span> <span class='ocrx_word' id='word_1_120' title='bbox 523 1211 572 1258; x_wconf 83' lang='lat' dir='ltr'><strong>eine</strong></span> <span class='ocrx_word' id='word_1_121' title='bbox 589 1210 639 1258; x_wconf 76' lang='lat' dir='ltr'><strong>ulla</strong></span> <span class='ocrx_word' id='word_1_122' title='bbox 656 1209 791 1268; x_wconf 80' lang='lat' dir='ltr'><strong>offensione,</strong></span> 
     </span>
     <span class='ocr_line' id='line_1_17' title="bbox 117 1273 793 1339; baseline -0.003 -15"><span class='ocrx_word' id='word_1_123' title='bbox 117 1277 259 1326; x_wconf 85' lang='lat' dir='ltr'><strong>contendere.</strong></span> <span class='ocrx_word' id='word_1_124' title='bbox 284 1277 339 1324; x_wconf 91' lang='lat' dir='ltr'><strong>Non</strong></span> <span class='ocrx_word' id='word_1_125' title='bbox 351 1277 421 1334; x_wconf 87' lang='lat' dir='ltr'><strong>enim,</strong></span> <span class='ocrx_word' id='word_1_126' title='bbox 438 1274 523 1338; x_wconf 72' lang='lat' dir='ltr'><strong>inquit,</strong></span> <span class='ocrx_word' id='word_1_127' title='bbox 535 1273 595 1322; x_wconf 91' lang='lat' dir='ltr'><strong>illud</strong></span> <span class='ocrx_word' id='word_1_128' title='bbox 605 1283 667 1336; x_wconf 82' lang='lat' dir='ltr'><strong>peto,</strong></span> <span class='ocrx_word' id='word_1_129' title='bbox 679 1274 743 1339; x_wconf 88' lang='lat' dir='ltr'><strong>quod</strong></span> <span class='ocrx_word' id='word_1_130' title='bbox 754 1289 793 1322; x_wconf 84' lang='lat' dir='ltr'><strong>ao·</strong></span> 
     </span>
     <span class='ocr_line' id='line_1_18' title="bbox 116 1339 792 1402; baseline -0.004 -14"><span class='ocrx_word' id='word_1_131' title='bbox 116 1341 162 1400; x_wconf 86' lang='lat' dir='ltr'><strong>leo,</strong></span> <span class='ocrx_word' id='word_1_132' title='bbox 174 1357 227 1389; x_wconf 86' lang='lat' dir='ltr'><strong>oum</strong></span> <span class='ocrx_word' id='word_1_133' title='bbox 238 1341 395 1389; x_wconf 82' lang='lat' dir='ltr'><strong>vehementius</strong></span> <span class='ocrx_word' id='word_1_134' title='bbox 406 1339 520 1396; x_wconf 82' lang='lat' dir='ltr'><strong>contendi,</strong></span> <span class='ocrx_word' id='word_1_135' title='bbox 532 1339 669 1402; x_wconf 65' lang='lat' dir='ltr'><strong>impetrem</strong></span> <span class='ocrx_word' id='word_1_136' title='bbox 694 1353 747 1386; x_wconf 84' lang='lat' dir='ltr'><strong>rens</strong></span> <span class='ocrx_word' id='word_1_137' title='bbox 762 1347 792 1385; x_wconf 91' lang='lat' dir='ltr'><strong>ut</strong></span> 
     </span>
     <span class='ocr_line' id='line_1_19' title="bbox 117 1403 790 1467; baseline -0.003 -15"><span class='ocrx_word' id='word_1_138' title='bbox 117 1407 256 1464; x_wconf 79' lang='lat' dir='ltr'><strong>absolvetur,</strong></span> <span class='ocrx_word' id='word_1_139' title='bbox 268 1415 388 1467; x_wconf 85' lang='lat' dir='ltr'><strong>nonpeto:</strong></span> <span class='ocrx_word' id='word_1_140' title='bbox 404 1404 454 1462; x_wconf 86' lang='lat' dir='ltr'><strong>ced,</strong></span> <span class='ocrx_word' id='word_1_141' title='bbox 465 1411 492 1450; x_wconf 88' lang='lat' dir='ltr'><strong>ut</strong></span> <span class='ocrx_word' id='word_1_142' title='bbox 498 1406 527 1450; x_wconf 83' lang='lat' dir='ltr'><strong>ab</strong></span> <span class='ocrx_word' id='word_1_143' title='bbox 534 1404 578 1450; x_wconf 89' lang='lat' dir='ltr'><strong>hoc</strong></span> <span class='ocrx_word' id='word_1_144' title='bbox 584 1403 670 1466; x_wconf 80' lang='lat' dir='ltr'><strong>potius,</strong></span> <span class='ocrx_word' id='word_1_145' title='bbox 678 1417 750 1465; x_wconf 80' lang='lat' dir='ltr'><strong>quam</strong></span> <span class='ocrx_word' id='word_1_146' title='bbox 758 1404 790 1450; x_wconf 81' lang='lat' dir='ltr'><strong>ab</strong></span> 
     </span>
     <span class='ocr_line' id='line_1_20' title="bbox 117 1466 792 1530; baseline -0.003 -15"><span class='ocrx_word' id='word_1_147' title='bbox 117 1468 157 1515; x_wconf 94' lang='lat' dir='ltr'><strong>illo</strong></span> <span class='ocrx_word' id='word_1_148' title='bbox 164 1477 289 1527; x_wconf 76' lang='lat' dir='ltr'><strong>accusetur,</strong></span> <span class='ocrx_word' id='word_1_149' title='bbox 301 1467 325 1514; x_wconf 84' lang='lat' dir='ltr'><strong>id</strong></span> <span class='ocrx_word' id='word_1_150' title='bbox 335 1477 395 1530; x_wconf 89' lang='lat' dir='ltr'><strong>peto.</strong></span> <span class='ocrx_word' id='word_1_151' title='bbox 413 1468 452 1514; x_wconf 89' lang='lat' dir='ltr'><strong>Dn</strong></span> <span class='ocrx_word' id='word_1_152' title='bbox 461 1468 521 1514; x_wconf 90' lang='lat' dir='ltr'><strong>mihi</strong></span> <span class='ocrx_word' id='word_1_153' title='bbox 530 1469 590 1515; x_wconf 84' lang='lat' dir='ltr'><strong>hoet</strong></span> <span class='ocrx_word' id='word_1_154' title='bbox 609 1467 714 1526; x_wconf 85' lang='lat' dir='ltr'><strong>concede,</strong></span> <span class='ocrx_word' id='word_1_155' title='bbox 726 1466 792 1529; x_wconf 90' lang='lat' dir='ltr'><strong>quod</strong></span> 
     </span>
     <span class='ocr_line' id='line_1_21' title="bbox 117 1530 789 1595; baseline -0.003 -15"><span class='ocrx_word' id='word_1_156' title='bbox 117 1531 184 1580; x_wconf 76' lang='lat' dir='ltr'><strong>focile</strong></span> <span class='ocrx_word' id='word_1_157' title='bbox 200 1541 241 1589; x_wconf 83' lang='lat' dir='ltr'><strong>est,</strong></span> <span class='ocrx_word' id='word_1_158' title='bbox 276 1531 321 1578; x_wconf 90' lang='lat' dir='ltr'><strong>uod</strong></span> <span class='ocrx_word' id='word_1_159' title='bbox 337 1533 467 1589; x_wconf 64' lang='lat' dir='ltr'><strong>hortatum,</strong></span> <span class='ocrx_word' id='word_1_160' title='bbox 483 1531 546 1595; x_wconf 87' lang='lat' dir='ltr'><strong>quod</strong></span> <span class='ocrx_word' id='word_1_161' title='bbox 564 1546 610 1579; x_wconf 91' lang='lat' dir='ltr'><strong>non</strong></span> <span class='ocrx_word' id='word_1_162' title='bbox 629 1530 789 1587; x_wconf 66' lang='lat' dir='ltr'><strong>invidiosumt</strong></span> 
     </span>
     <span class='ocr_line' id='line_1_22' title="bbox 118 1548 793 1659; baseline -0.001 -16"><span class='ocrx_word' id='word_1_163' title='bbox 118 1595 245 1659; x_wconf 86' lang='lat' dir='ltr'><strong>quodcum</strong></span> <span class='ocrx_word' id='word_1_164' title='bbox 256 1548 351 1655; x_wconf 52' lang='lat' dir='ltr'><strong>generis,</strong></span> <span class='ocrx_word' id='word_1_165' title='bbox 363 1597 412 1644; x_wconf 83' lang='lat' dir='ltr'><strong>sine</strong></span> <span class='ocrx_word' id='word_1_166' title='bbox 426 1597 477 1644; x_wconf 89' lang='lat' dir='ltr'><strong>ullo</strong></span> <span class='ocrx_word' id='word_1_167' title='bbox 487 1605 528 1644; x_wconf 87' lang='lat' dir='ltr'><strong>tuo</strong></span> <span class='ocrx_word' id='word_1_168' title='bbox 542 1596 652 1659; x_wconf 82' lang='lat' dir='ltr'><strong>periculo,</strong></span> <span class='ocrx_word' id='word_1_169' title='bbox 664 1595 713 1644; x_wconf 77' lang='lat' dir='ltr'><strong>tine</strong></span> <span class='ocrx_word' id='word_1_170' title='bbox 728 1595 793 1642; x_wconf 79' lang='lat' dir='ltr'><strong>insn-</strong></span> 
     </span>
     <span class='ocr_line' id='line_1_23' title="bbox 118 1659 793 1772; baseline 0 -66"><span class='ocrx_word' id='word_1_171' title='bbox 118 1660 175 1772; x_wconf 51' lang='lat' dir='ltr'><strong>fflil,</strong></span> <span class='ocrx_word' id='word_1_172' title='bbox 190 1660 249 1708; x_wconf 88' lang='lat' dir='ltr'><strong>illud</strong></span> <span class='ocrx_word' id='word_1_173' title='bbox 260 1660 356 1719; x_wconf 79' lang='lat' dir='ltr'><strong>dederis,</strong></span> <span class='ocrx_word' id='word_1_174' title='bbox 367 1670 395 1708; x_wconf 91' lang='lat' dir='ltr'><strong>ut</strong></span> <span class='ocrx_word' id='word_1_175' title='bbox 408 1661 428 1709; x_wconf 84' lang='lat' dir='ltr'><strong>is</strong></span> <span class='ocrx_word' id='word_1_176' title='bbox 439 1661 578 1720; x_wconf 76' lang='lat' dir='ltr'><strong>absolvatur,</strong></span> <span class='ocrx_word' id='word_1_177' title='bbox 586 1661 657 1722; x_wconf 69' lang='lat' dir='ltr'><strong>‘cujus</strong></span> <span class='ocrx_word' id='word_1_178' title='bbox 667 1675 710 1722; x_wconf 80' lang='lat' dir='ltr'><strong>ego</strong></span> <span class='ocrx_word' id='word_1_179' title='bbox 719 1659 793 1707; x_wconf 61' lang='lat' dir='ltr'><strong>causi</strong></span> 
     </span>
    </p>

    <p class='ocr_par' dir='ltr' id='par_1_3' title="bbox 143 1727 205 1772">
     <span class='ocr_line' id='line_1_24' title="bbox 143 1727 205 1772; baseline -0.016 0"><span class='ocrx_word' id='word_1_180' title='bbox 143 1727 205 1772; x_wconf 79' lang='lat' dir='ltr'><strong>boto.</strong></span> 
     </span>
    </p>

    <p class='ocr_par' dir='ltr' id='par_1_4' title="bbox 120 1788 828 1982">
     <span class='ocr_line' id='line_1_25' title="bbox 152 1788 794 1855; baseline 0 -19"><span class='ocrx_word' id='word_1_181' title='bbox 152 1789 300 1849; x_wconf 84' lang='lat' dir='ltr'><strong>Etoitidem‚</strong></span> <span class='ocrx_word' id='word_1_182' title='bbox 313 1792 350 1844; x_wconf 89' lang='lat' dir='ltr'><strong>(ut</strong></span> <span class='ocrx_word' id='word_1_183' title='bbox 358 1789 441 1855; x_wconf 84' lang='lat' dir='ltr'><strong>aliquis</strong></span> <span class='ocrx_word' id='word_1_184' title='bbox 447 1797 523 1838; x_wconf 81' lang='lat' dir='ltr'><strong>metus</strong></span> <span class='ocrx_word' id='word_1_185' title='bbox 531 1789 654 1850; x_wconf 70' lang='lat' dir='ltr'><strong>adjunctus</strong></span> <span class='ocrx_word' id='word_1_186' title='bbox 664 1788 694 1836; x_wconf 81' lang='lat' dir='ltr'><strong>sit</strong></span> <span class='ocrx_word' id='word_1_187' title='bbox 702 1788 732 1836; x_wconf 83' lang='lat' dir='ltr'><strong>od</strong></span> <span class='ocrx_word' id='word_1_188' title='bbox 739 1804 794 1852; x_wconf 71' lang='lat' dir='ltr'><strong>grm-</strong></span> 
     </span>
     <span class='ocr_line' id='line_1_26' title="bbox 120 1849 828 1918; baseline -0.003 -16"><span class='ocrx_word' id='word_1_189' title='bbox 120 1852 187 1916; x_wconf 81' lang='lat' dir='ltr'><strong>tiam)</strong></span> <span class='ocrx_word' id='word_1_190' title='bbox 198 1863 270 1903; x_wconf 86' lang='lat' dir='ltr'><strong>certos</strong></span> <span class='ocrx_word' id='word_1_191' title='bbox 286 1871 333 1903; x_wconf 80' lang='lat' dir='ltr'><strong>ease</strong></span> <span class='ocrx_word' id='word_1_192' title='bbox 347 1855 372 1902; x_wconf 92' lang='lat' dir='ltr'><strong>in</strong></span> <span class='ocrx_word' id='word_1_193' title='bbox 387 1854 489 1912; x_wconf 82' lang='lat' dir='ltr'><strong>coneilio,</strong></span> <span class='ocrx_word' id='word_1_194' title='bbox 500 1854 585 1918; x_wconf 83' lang='lat' dir='ltr'><strong>quibua</strong></span> <span class='ocrx_word' id='word_1_195' title='bbox 596 1853 685 1902; x_wconf 81' lang='lat' dir='ltr'><strong>ostendi</strong></span> <span class='ocrx_word' id='word_1_196' title='bbox 695 1853 794 1901; x_wconf 73' lang='lat' dir='ltr'><strong>tabellas</strong></span> <span class='ocrx_word' id='word_1_197' title='bbox 826 1849 828 1854; x_wconf 75' lang='lat'>&#39;</span> 
     </span>
     <span class='ocr_line' id='line_1_27' title="bbox 120 1917 793 1982; baseline 0 -16"><span class='ocrx_word' id='word_1_198' title='bbox 120 1919 190 1966; x_wconf 82' lang='lat' dir='ltr'><strong>velit:</strong></span> <span class='ocrx_word' id='word_1_199' title='bbox 208 1919 232 1966; x_wconf 88' lang='lat' dir='ltr'><strong>id</strong></span> <span class='ocrx_word' id='word_1_200' title='bbox 253 1935 300 1968; x_wconf 80' lang='lat' dir='ltr'><strong>esse</strong></span> <span class='ocrx_word' id='word_1_201' title='bbox 319 1919 442 1982; x_wconf 81' lang='lat' dir='ltr'><strong>perfacile:</strong></span> <span class='ocrx_word' id='word_1_202' title='bbox 459 1933 505 1967; x_wconf 90' lang='lat' dir='ltr'><strong>non</strong></span> <span class='ocrx_word' id='word_1_203' title='bbox 528 1919 591 1966; x_wconf 91' lang='lat' dir='ltr'><strong>enim</strong></span> <span class='ocrx_word' id='word_1_204' title='bbox 610 1918 713 1980; x_wconf 77' lang='lat' dir='ltr'><strong>singulos</strong></span> <span class='ocrx_word' id='word_1_205' title='bbox 731 1917 793 1966; x_wconf 82' lang='lat' dir='ltr'><strong>ferne</strong></span> 
     </span>
    </p>
   </div>
   <div class='ocr_carea' id='block_1_3' title="bbox 31 1982 793 2043">
    <p class='ocr_par' dir='ltr' id='par_1_5' title="bbox 31 1982 793 2043">
     <span class='ocr_line' id='line_1_28' title="bbox 31 1982 793 2043; baseline -0.004 -11"><span class='ocrx_word' id='word_1_206' title='bbox 31 2001 33 2012; x_wconf 68' lang='grc'>’</span> <span class='ocrx_word' id='word_1_207' title='bbox 118 1985 249 2043; x_wconf 76' lang='lat' dir='ltr'><strong>sententies,</strong></span> <span class='ocrx_word' id='word_1_208' title='bbox 266 1985 306 2032; x_wconf 88' lang='lat' dir='ltr'><strong>sed</strong></span> <span class='ocrx_word' id='word_1_209' title='bbox 322 1984 438 2032; x_wconf 71' lang='lat' dir='ltr'><strong>universos</strong></span> <span class='ocrx_word' id='word_1_210' title='bbox 455 1983 605 2031; x_wconf 80' lang='lat' dir='ltr'><strong>constituere:</strong></span> <span class='ocrx_word' id='word_1_211' title='bbox 623 1991 722 2029; x_wconf 80' lang='lat' dir='ltr'><strong>ceratam</strong></span> <span class='ocrx_word' id='word_1_212' title='bbox 734 1982 793 2030; x_wconf 85' lang='lat' dir='ltr'><strong>uni-</strong></span> 
     </span>
    </p>
   </div>
   <div class='ocr_carea' id='block_1_4' title="bbox 75 2049 802 2750">
    <p class='ocr_par' dir='ltr' id='par_1_6' title="bbox 75 2045 802 2750">
     <span class='ocr_line' id='line_1_29' title="bbox 75 2049 781 2160; baseline 0 0"><span class='ocrx_word' id='word_1_213' title='bbox 75 2081 79 2086; x_wconf 94' lang='lat'>·</span> <span class='ocrx_word' id='word_1_214' title='bbox 118 2046 572 2112; x_wconf 69' lang='lat' dir='ltr'><strong>u</strong></span> <span class='ocrx_word' id='word_1_215' title='bbox 616 2110 781 2160; x_wconf 57' lang='lat' dir='ltr'><strong>m</strong></span> 
     </span>
     <span class='ocr_line' id='line_1_30' title="bbox 120 2120 794 2242; baseline 0 -19"><span class='ocrx_word' id='word_1_216' title='bbox 120 2186 163 2236; x_wconf 81' lang='lat' dir='ltr'><strong>ret,</strong></span> <span class='ocrx_word' id='word_1_217' title='bbox 175 2193 247 2242; x_wconf 83' lang='lat' dir='ltr'><strong>quam</strong></span> <span class='ocrx_word' id='word_1_218' title='bbox 257 2123 320 2241; x_wconf 50' lang='lat' dir='ltr'><strong>quoii</strong></span> <span class='ocrx_word' id='word_1_219' title='bbox 331 2193 385 2226; x_wconf 90' lang='lat' dir='ltr'><strong>eum</strong></span> <span class='ocrx_word' id='word_1_220' title='bbox 392 2176 489 2224; x_wconf 85' lang='lat' dir='ltr'><strong>minime</strong></span> <span class='ocrx_word' id='word_1_221' title='bbox 496 2127 532 2224; x_wconf 61' lang='lat' dir='ltr'><strong>reio</strong></span> <span class='ocrx_word' id='word_1_222' title='bbox 540 2120 702 2224; x_wconf 48' lang='lat' dir='ltr'><strong>otpttprdeloem</strong></span> <span class='ocrx_word' id='word_1_223' title='bbox 720 2176 794 2223; x_wconf 87' lang='lat' dir='ltr'><strong>Videt</strong></span> 
     </span>
     <span class='ocr_line' id='line_1_31' title="bbox 120 2240 796 2306; baseline 0 -18"><span class='ocrx_word' id='word_1_224' title='bbox 120 2241 191 2302; x_wconf 84' lang='lat' dir='ltr'><strong>enim,</strong></span> <span class='ocrx_word' id='word_1_225' title='bbox 203 2244 222 2290; x_wconf 81' lang='lat' dir='ltr'><strong>si</strong></span> <span class='ocrx_word' id='word_1_226' title='bbox 235 2258 250 2289; x_wconf 88' lang='lat' dir='ltr'><strong>a</strong></span> <span class='ocrx_word' id='word_1_227' title='bbox 259 2243 336 2306; x_wconf 81' lang='lat' dir='ltr'><strong>puerit</strong></span> <span class='ocrx_word' id='word_1_228' title='bbox 346 2241 471 2299; x_wconf 83' lang='lat' dir='ltr'><strong>nobilibus,</strong></span> <span class='ocrx_word' id='word_1_229' title='bbox 482 2255 541 2304; x_wconf 79' lang='lat' dir='ltr'><strong>quos</strong></span> <span class='ocrx_word' id='word_1_230' title='bbox 554 2241 630 2288; x_wconf 88' lang='lat' dir='ltr'><strong>adhuc</strong></span> <span class='ocrx_word' id='word_1_231' title='bbox 645 2240 730 2296; x_wconf 80' lang='lat' dir='ltr'><strong>clus&#39;it3</strong></span> <span class='ocrx_word' id='word_1_232' title='bbox 749 2240 769 2288; x_wconf 81' lang='lat' dir='ltr'><strong>si</strong></span> <span class='ocrx_word' id='word_1_233' title='bbox 779 2257 796 2288; x_wconf 82' lang='lat' dir='ltr'><strong>a</strong></span> 
     </span>
     <span class='ocr_line' id='line_1_32' title="bbox 121 2305 796 2370; baseline 0.003 -20"><span class='ocrx_word' id='word_1_234' title='bbox 121 2305 345 2370; x_wconf 71' lang='lat' dir='ltr'><strong>quadruplatoribus,</strong></span> <span class='ocrx_word' id='word_1_235' title='bbox 368 2321 426 2368; x_wconf 79' lang='lat' dir='ltr'><strong>quoe</strong></span> <span class='ocrx_word' id='word_1_236' title='bbox 448 2319 495 2353; x_wconf 91' lang='lat' dir='ltr'><strong>non</strong></span> <span class='ocrx_word' id='word_1_237' title='bbox 513 2305 563 2353; x_wconf 83' lang='lat' dir='ltr'><strong>aine</strong></span> <span class='ocrx_word' id='word_1_238' title='bbox 585 2305 654 2352; x_wconf 65' lang='lat' dir='ltr'><strong>cousi</strong></span> <span class='ocrx_word' id='word_1_239' title='bbox 671 2305 796 2352; x_wconf 72' lang='lat' dir='ltr'><strong>contemsit</strong></span> 
     </span>
     <span class='ocr_line' id='line_1_33' title="bbox 121 2368 797 2432; baseline -0.001 -16"><span class='ocrx_word' id='word_1_240' title='bbox 121 2383 220 2432; x_wconf 75' lang='lat' dir='ltr'><strong>temper,</strong></span> <span class='ocrx_word' id='word_1_241' title='bbox 231 2385 258 2417; x_wconf 87' lang='lat' dir='ltr'><strong>ec</strong></span> <span class='ocrx_word' id='word_1_242' title='bbox 268 2385 309 2432; x_wconf 86' lang='lat' dir='ltr'><strong>pro</strong></span> <span class='ocrx_word' id='word_1_243' title='bbox 320 2369 393 2418; x_wconf 89' lang='lat' dir='ltr'><strong>nihilo</strong></span> <span class='ocrx_word' id='word_1_244' title='bbox 402 2370 502 2432; x_wconf 72' lang='lat' dir='ltr'><strong>putavit,</strong></span> <span class='ocrx_word' id='word_1_245' title='bbox 518 2368 639 2418; x_wconf 69' lang='lat' dir='ltr'><strong>mcurmdi</strong></span> <span class='ocrx_word' id='word_1_246' title='bbox 647 2370 754 2416; x_wconf 77' lang='lat' dir='ltr'><strong>voluntas</strong></span> <span class='ocrx_word' id='word_1_247' title='bbox 763 2369 797 2416; x_wconf 74' lang='lat' dir='ltr'><strong>etl</strong></span> 
     </span>
     <span class='ocr_line' id='line_1_34' title="bbox 121 2431 797 2498; baseline 0 -18"><span class='ocrx_word' id='word_1_248' title='bbox 121 2431 181 2480; x_wconf 79' lang='lat' dir='ltr'><strong>viros</strong></span> <span class='ocrx_word' id='word_1_249' title='bbox 197 2434 274 2491; x_wconf 82' lang='lat' dir='ltr'><strong>fortes,</strong></span> <span class='ocrx_word' id='word_1_250' title='bbox 291 2443 447 2498; x_wconf 74' lang='lat' dir='ltr'><strong>spectatosque</strong></span> <span class='ocrx_word' id='word_1_251' title='bbox 465 2434 578 2496; x_wconf 81' lang='lat' dir='ltr'><strong>homines,</strong></span> <span class='ocrx_word' id='word_1_252' title='bbox 595 2433 704 2482; x_wconf 84' lang='lat' dir='ltr'><strong>translata</strong></span> <span class='ocrx_word' id='word_1_253' title='bbox 720 2432 759 2492; x_wconf 82' lang='lat' dir='ltr'><strong>ait,</strong></span> <span class='ocrx_word' id='word_1_254' title='bbox 771 2449 797 2481; x_wconf 87' lang='lat' dir='ltr'><strong>ae</strong></span> 
     </span>
     <span class='ocr_line' id='line_1_35' title="bbox 122 2495 740 2561; baseline 0.01 -20"><span class='ocrx_word' id='word_1_255' title='bbox 122 2495 147 2541; x_wconf 92' lang='lat' dir='ltr'><strong>in</strong></span> <span class='ocrx_word' id='word_1_256' title='bbox 152 2497 244 2556; x_wconf 86' lang='lat' dir='ltr'><strong>judiciis</strong></span> <span class='ocrx_word' id='word_1_257' title='bbox 255 2497 368 2546; x_wconf 82' lang='lat' dir='ltr'><strong>dominari</strong></span> <span class='ocrx_word' id='word_1_258' title='bbox 379 2514 426 2546; x_wconf 88' lang='lat' dir='ltr'><strong>non</strong></span> <span class='ocrx_word' id='word_1_259' title='bbox 437 2513 509 2561; x_wconf 78' lang='lat' dir='ltr'><strong>posse.</strong></span> <span class='ocrx_word' id='word_1_260' title='bbox 736 2552 740 2558; x_wconf 60' lang='grc'><strong>,</strong></span> 
     </span>
     <span class='ocr_line' id='line_1_36' title="bbox 155 2559 798 2626; baseline 0.002 -19"><span class='ocrx_word' id='word_1_261' title='bbox 155 2559 231 2608; x_wconf 87' lang='lat' dir='ltr'><strong>VIII.</strong></span> <span class='ocrx_word' id='word_1_262' title='bbox 249 2562 312 2609; x_wconf 87' lang='lat' dir='ltr'><strong>Huic</strong></span> <span class='ocrx_word' id='word_1_263' title='bbox 324 2579 366 2626; x_wconf 84' lang='lat' dir='ltr'><strong>ego</strong></span> <span class='ocrx_word' id='word_1_264' title='bbox 376 2562 466 2610; x_wconf 89' lang='lat' dir='ltr'><strong>homini</strong></span> <span class='ocrx_word' id='word_1_265' title='bbox 478 2564 529 2623; x_wconf 86' lang='lat' dir='ltr'><strong>jam</strong></span> <span class='ocrx_word' id='word_1_266' title='bbox 541 2570 598 2610; x_wconf 58' lang='lat' dir='ltr'><strong>‘onte</strong></span> <span class='ocrx_word' id='word_1_267' title='bbox 606 2561 731 2619; x_wconf 74' lang='lat' dir='ltr'><strong>denuntio,</strong></span> <span class='ocrx_word' id='word_1_268' title='bbox 749 2561 770 2608; x_wconf 85' lang='lat' dir='ltr'><strong>si</strong></span> <span class='ocrx_word' id='word_1_269' title='bbox 782 2577 798 2609; x_wconf 83' lang='lat' dir='ltr'><strong>a</strong></span> 
     </span>
     <span class='ocr_line' id='line_1_37' title="bbox 117 2625 799 2688; baseline 0.004 -17"><span class='ocrx_word' id='word_1_270' title='bbox 117 2637 161 2671; x_wconf 71' lang='lat' dir='ltr'><strong>«me</strong></span> <span class='ocrx_word' id='word_1_271' title='bbox 171 2639 263 2672; x_wconf 70' lang='lat' dir='ltr'><strong>musam</strong></span> <span class='ocrx_word' id='word_1_272' title='bbox 274 2625 333 2673; x_wconf 82' lang='lat' dir='ltr'><strong>hanc</strong></span> <span class='ocrx_word' id='word_1_273' title='bbox 344 2642 384 2674; x_wconf 81' lang='lat' dir='ltr'><strong>vot</strong></span> <span class='ocrx_word' id='word_1_274' title='bbox 394 2627 433 2688; x_wconf 79' lang='lat' dir='ltr'><strong>agi</strong></span> <span class='ocrx_word' id='word_1_275' title='bbox 444 2626 569 2687; x_wconf 84' lang='lat' dir='ltr'><strong>volueritis,</strong></span> <span class='ocrx_word' id='word_1_276' title='bbox 580 2626 693 2675; x_wconf 77' lang='lat' dir='ltr'><strong>rationem</strong></span> <span class='ocrx_word' id='word_1_277' title='bbox 698 2626 739 2672; x_wconf 81' lang='lat' dir='ltr'><strong>illi</strong></span> <span class='ocrx_word' id='word_1_278' title='bbox 756 2627 799 2674; x_wconf 89' lang='lat' dir='ltr'><strong>‹le-</strong></span> 
     </span>
     <span class='ocr_line' id='line_1_38' title="bbox 125 2687 802 2750; baseline 0.009 -14"><span class='ocrx_word' id='word_1_279' title='bbox 125 2687 232 2737; x_wconf 62' lang='lat' dir='ltr'><strong>fendentli</strong></span> <span class='ocrx_word' id='word_1_280' title='bbox 247 2697 320 2746; x_wconf 79' lang='lat' dir='ltr'><strong>totam</strong></span> <span class='ocrx_word' id='word_1_281' title='bbox 333 2705 380 2741; x_wconf 79' lang='lat' dir='ltr'><strong>cora</strong></span> <span class='ocrx_word' id='word_1_282' title='bbox 395 2691 550 2750; x_wconf 62' lang='lat' dir='ltr'><strong>muteodnme</strong></span> <span class='ocrx_word' id='word_1_283' title='bbox 568 2698 592 2740; x_wconf 85' lang='lat' dir='ltr'><strong>et</strong></span> <span class='ocrx_word' id='word_1_284' title='bbox 607 2690 640 2740; x_wconf 79' lang='lat' dir='ltr'><strong>ite</strong></span> <span class='ocrx_word' id='word_1_285' title='bbox 652 2698 731 2740; x_wconf 80' lang='lat' dir='ltr'><strong>tamen</strong></span> <span class='ocrx_word' id='word_1_286' title='bbox 745 2705 802 2742; x_wconf 87' lang='lat' dir='ltr'><strong>mu·</strong></span> 
     </span>
    </p>
   </div>
   <div class='ocr_carea' id='block_1_5' title="bbox 0 0 928 2966">
    <p class='ocr_par' dir='ltr' id='par_1_7' title="bbox 0 0 928 2966">
     <span class='ocr_line' id='line_1_39' title="bbox 0 0 928 2966; baseline 0 0"><span class='ocrx_word' id='word_1_287' title='bbox 0 0 928 2966; x_wconf 95' lang='lat' dir='ltr'><strong> </strong></span> 
     </span>
    </p>
   </div>
  </div>
 </body>
</html>
