1820 2958
252 135 293 184 nt
309 135 459 188 VERREM
470 135 507 186 11.
519 135 583 186 cnr.
597 137 634 187 te.
736 135 780 192 171

7 261 25 271 ‘
114 263 220 312 mortales
229 265 406 329 quamimpius,
423 281 495 330 quam
509 259 639 326 scelernm,
655 278 727 328 quam
741 277 783 312 no·

115 327 185 376 iarius
195 328 287 378 fureris?
276 330 470 393 tnpouinemne
480 339 506 378 tu
518 330 614 378 Delium
631 329 728 392 spoliare
743 343 785 376 au-

114 395 209 442 suses?
225 393 493 471 illinetntemp103tsm
509 395 613 458 antiquo,
633 401 683 440 tam
697 399 784 452 uncto,

114 463 162 503 tum
183 457 297 520 religioso,
317 473 400 506 manus
421 459 504 540 impias
525 475 552 506 ac
571 458 690 520 sacrilegas
705 457 786 504 afferre

112 529 207 570 conatus
218 525 262 570 es?
289 523 342 581 Si,
335 538 360 569 ιιι
370 523 476 586 pueritiis,
484 537 530 570 non
540 523 576 570 his
585 523 672 570 artibus
682 530 706 569 et
719 520 787 568 disci

113 585 211 698 plinio
193 587 312 635 institutus
322 601 379 647 ees,
388 597 416 635 ut
426 603 461 648 ea,
469 587 598 651 qualitatis
605 585 716 634 mandata
723 595 787 645 sunt,

115 649 292 761 disceresmque
306 666 466 727 cognosceres,
483 667 513 699 ne
526 660 605 727 pocta
615 651 785 714 quidem,cum

113 712 139 760 in
149 729 176 762 ea
186 714 237 778 ipsa
251 716 303 763 loca
313 715 403 776 venisti,
418 716 513 779 potuisti
523 716 622 779 accipere
632 715 665 774 id,
677 713 740 778 quod
750 722 785 763 est

113 778 233 840 proditum
249 779 367 827 memorias
385 796 412 828 ac
427 780 517 828 literis?
534 780 657 840 Ιιιιοιιιιιιι,
672 779 785 854 exlongo

114 857 189 890 errore
199 843 297 906 etbrga,
309 843 436 919 gravidum,
448 846 529 906 etjam
540 844 570 892 ad
582 843 751 908 potiendum
729 843 785 892 vrci·

113 921 178 965 nam,
189 908 332 970 temporibus
349 909 442 969 exactis,
455 908 583 972 confugisse
598 907 696 967 Delum,
715 915 786 982 etque

112 969 146 1018 ibi
156 971 293 1034 Apollinea
303 972 585 1037 Dimumquepepcriue·
601 973 650 1036 quit
660 971 786 1035 exopinio·

112 1035 503 1086 nelrominumillainsulaeorum
517 1038 621 1085 Deorum
637 1051 700 1084 saara
714 1044 784 1099 puta-

112 1108 168 1148 tur:
186 1108 296 1164 lenteque
306 1102 356 1161 ejus
366 1102 488 1150 auctoritas
497 1101 613 1165 religionis
624 1109 647 1147 et
654 1108 716 1147 estet
724 1115 784 1146 sem-

113 1179 155 1240 per
166 1164 220 1223 fuit,
229 1173 292 1214 utne
303 1167 379 1213 Pemce
389 1167 493 1229 quidem,
505 1181 559 1214 cum
566 1166 655 1213 bellum
666 1163 708 1210 coti
720 1163 785 1210 Gras-

114 1228 164 1288 σιω,
176 1228 230 1276 Diis
240 1229 372 1277 horninibus
389 1245 426 1289 ue,
435 1230 579 1286 indixissent,
591 1237 614 1276 et
627 1227 692 1274 mille
702 1241 786 1274 nume·

112 1307 139 1342 ro
147 1293 244 1340 nuvium
251 1294 345 1342 classem
397 1294 485 1341 Delum
496 1293 645 1358 appulissent,
656 1289 785 1355 quidquam

113 1365 252 1406 conarentur
261 1367 303 1406 aut
312 1359 405 1418 violare,
417 1367 457 1406 aut
468 1359 586 1421 attingere.
604 1357 657 1404 Hoc
668 1355 785 1404 sutanum

112 1421 258 1486 depopulari,
275 1423 345 1470 homo
358 1423 526 1486 improbissime
539 1431 609 1486 atque
619 1419 782 1480 amentissime,

113 1487 234 1535 audebas?
250 1486 296 1535 fuit
306 1487 355 1535 ulla
365 1487 477 1550 cupiditas
486 1495 564 1564 ιιιιιιι,
574 1503 626 1550 quae
641 1493 730 1532 tantam
745 1499 786 1532 ex-

113 1552 241 1614 stingueret
250 1552 404 1614 religionem?
421 1552 462 1610 Et,
474 1553 555 1600 situm
569 1552 619 1598 haec
634 1563 681 1598 non
697 1549 784 1612 cogita-

112 1617 163 1674 bas,
175 1631 205 1664 ne
215 1630 278 1664 nunc
288 1616 382 1678 quidem
392 1617 522 1676 reeordaris,
531 1616 623 1663 nullum
634 1629 682 1662 esse
693 1622 784 1660 tentmn

112 1681 213 1737 malum,
225 1680 288 1743 quod
297 1695 345 1728 non
355 1681 398 1728 tibi
408 1695 451 1744 pro
462 1681 583 1729 sceleribus
592 1680 638 1728 tuis
643 1678 734 1740 jamdiu
742 1677 783 1726 de-

7 1757 15 1768 ·
112 1746 216 1793 beaten?

146 1809 220 1857 XIX.
245 1807 275 1856 In
288 1808 372 1858 Asiam
387 1823 441 1856 vcro
456 1775 579 1873 postquam
589 1806 661 1866 venit,
673 1805 730 1869 quid
740 1819 784 1868 ego

112 1873 225 1922 adventius
243 1873 423 1936 istiusprandia,
435 1889 517 1932 coenns,
531 1889 611 1938 equos,
630 1885 782 1932 munereque,

112 1940 310 1985 commemorem?
299 1937 396 1985 iNihil
406 1953 460 1985 curn
471 1939 544 1987 Verre
551 1939 580 1985 de
591 1934 729 2000 quotidianis
740 1933 785 1980 ori·

112 2002 216 2049 minibus
226 2011 388 2050 aensrussum.
414 2002 473 2050 Chio
483 2002 582 2065 pervim
597 2001 663 2062 signa
678 1995 784 2061 pulcher-

114 2066 176 2114 rimo
185 2065 380 2115 (ιιιοιιιιιιιιιιιι
398 2019 576 2142 itemErythris,
585 2063 784 2112 etHalicamaseo.

112 2130 211 2178 Tenedo
222 2134 340 2194 (praetereo
372 2131 485 2189 ecunium,
503 2145 574 2205 quam
589 2128 682 2191 eripuit)
693 2126 784 2174 Tenem

103 2194 200 2258 ipsum,
212 2210 253 2258 qm
246 2194 327 2257 opud
361 2195 452 2242 enodius
462 2194 616 2242 sanctissimus
632 2191 698 2239 Deus
713 2190 784 2238 habe-

111 2268 152 2306 tur
152 2274 210 2323 ,qur
203 2259 302 2306 'urbem
313 2259 378 2306 illam
388 2259 473 2306 dicitur
480 2257 606 2306 condidisse
608 2257 690 2318 ,cujus
705 2271 734 2302 ex
742 2269 786 2302 no-

7 2315 9 2330 '
112 2324 178 2370 mine
197 2323 307 2372 Tenedus
324 2323 471 2370 nominetur:
494 2323 580 2370 hunc'
573 2336 659 2386 ipsum,
677 2321 783 2396 inquom,

112 2388 215 2445 Tenen,
237 2387 390 2450 pulcherrime
410 2387 507 2446 fectum,
530 2401 599 2450 quem
621 2385 767 2461 quondam
760 2399 785 2430 ιιι

112 2451 209 2500 comino
217 2451 313 2510 vudrsus
321 2451 416 2500 abstulit
417 2467 523 2526 magno
524 2465 578 2498 curn
584 2451 672 2514 genntu
680 2449 785 2499 nivinus

147 2517 196 2564 Illa
205 2531 259 2564 vero
270 2516 411 2590 expugnatio
421 2515 630 2578 laniantiquissimi
638 2523 661 2562 et
671 2513 787 2562 nobilissi-

112 2581 149 2628 mi
166 2580 270 2628 Junonis
291 2580 384 2640 Semise,
404 2595 475 2644 quarn
496 2580 601 2628 luctuosa
619 2580 703 2628 Samiis
721 2575 782 2623 fuiti

111 2661 186 2710 quom
196 2645 279 2694 acerba
290 2645 333 2692 toti
347 2643 430 2692 Acie!
446 2658 517 2707 quam
531 2643 593 2703 clara
608 2643 672 2706 apud
687 2637 785 2692 omres}
