1820 2958
128 115 178 172 2⁸2⁰
259 114 299 164 IN
316 113 464 165 VERREM
481 114 532 162 III.
549 113 665 164 Car-1³.

127 243 179 296 eive
194 251 256 320 agat,
273 243 337 292 domi
353 253 423 321 certet
440 243 490 318 anis¹
506 243 611 320 legihusr
623 242 691 307 *quod
708 243 805 292 Siculus

128 323 186 357 cunr
200 309 279 357 Siculo
293 323 340 356 non
354 307 457 370 ejusdem
471 317 576 368 οιιιιιιιι,
593 317 621 355 ut
635 308 663 355 de
678 323 704 356 co
717 317 804 370 praetor

22 425 25 434 ,
126 373 225 434 judices,
236 389 266 421 ex
281 374 308 422 P.
319 373 409 436 Rupilii
423 373 512 421 decreto
526 371 628 436 (quodie
639 373 667 420 de
678 371 757 420 decem
769 373 804 419 lc-

131 447 239 500 ssatorum
247 437 358 485 sententih
369 437 455 494 statuit,
467 453 539 500 quam
549 439 624 499 legem
635 437 670 483 illi
681 437 802 500 Rupiliam

129 511 230 561 vocant),
238 501 351 550 sortiatur.
368 501 440 561 Quod
449 501 552 566 privatus
562 517 577 548 a
586 502 673 580 populo
683 501 750 564 petit,
761 509 803 548 aut

203 582 231 614 us
248 581 263 612 a
278 565 382 628 privator
399 575 491 614 senatus
508 581 537 614 ex
553 565 632 630 aliqua
645 565 744 623 civium,
762 565 804 630 qui

127 631 156 692 ju
174 630 179 640 '
207 639 224 689 t,
241 629 317 689 datur,
334 645 389 678 cum
404 630 498 678 alterne
515 630 616 678 civimtcs
633 631 722 692 rejectae
740 637 802 677 sunt

131 694 203 753 Quod
217 693 273 742 civis
288 694 409 744 Romanus
424 711 439 741 a
453 694 531 742 Siculo
545 695 611 758 petit,
628 695 719 743 Siculus
729 695 802 755 judex

131 757 213 805 datur:
231 758 294 821 quod
305 759 396 807 Siculus
407 775 420 806 a
431 758 478 806 cive
491 759 606 819 Romano,
617 759 672 807 civis
681 759 803 806 Romanus

131 821 216 872 dature
232 831 366 872 ceterarum
381 838 459 872 rerum
473 824 549 871 selecti
557 823 646 885 judicer
656 823 743 871 civium
754 823 803 870 Ro·

131 900 254 936 manorum
263 902 293 934 ex
300 898 413 936 conventu
424 887 521 951 proponi
531 887 611 935 solent.
629 888 694 935 Inter
705 897 803 935 aratores

132 959 157 1002 et
166 950 313 1011 decimanos,
329 952 381 1014 lege
397 952 556 1012 fnumentarils,
572 967 644 1016 quam
655 952 803 1000 Hieronicam

133 1016 259 1080 &ppellant
274 1015 362 1076 judicia
371 1017 439 1064 fiu'nt.

166 1079 226 1128 Hoc
240 1081 326 1140 omnia,
342 1081 386 1129 isto
400 1089 504 1144 praetore,
521 1095 568 1129 non
578 1079 648 1129 modo
662 1083 803 1144 perturbata,

133 1144 174 1194 sel
184 1145 253 1209 plane
266 1153 288 1193 et
299 1145 382 1194 Siculis
392 1154 415 1193 et
425 1145 512 1193 civibus
524 1145 636 1193 Romania
646 1153 724 1209 erepta
734 1154 803 1194 suntt

133 1209 237 1272 primum
248 1225 295 1258 sure
305 1211 383 1274 leges3
401 1209 464 1273 quod
474 1209 529 1257 civis
540 1225 593 1257 cum
604 1210 653 1258 cive
664 1219 749 1272 ageres
765 1218 805 1258 aut

127 1289 190 1340 ,eum
206 1274 318 1336 judicem,
334 1289 404 1337 quem
423 1273 571 1322 commodum
593 1283 649 1334 eret,
666 1290 804 1338 preconem,

133 1337 288 1401 haruspicem,
305 1339 421 1386 medicum
432 1354 509 1396 anum,
524 1337 608 1386 dabat:
626 1347 675 1398 ent,
687 1339 706 1386 si
717 1338 806 1402 legibus

135 1409 183 1449 arat
196 1401 310 1462 judicium
325 1404 483 1462 constitutum,
500 1411 523 1450 et
538 1403 567 1450 ad
580 1403 653 1450 civem
664 1418 734 1450 suum
743 1403 806 1464 judi·

134 1479 185 1514 eem
197 1475 312 1523 venerant,
324 1467 395 1514 libere
406 1467 449 1514 civi
457 1467 560 1528 judicare
571 1483 617 1514 non
628 1467 717 1515 licebat.
737 1467 807 1516 Edic-

135 1537 187 1576 tum
202 1529 263 1576 enim
274 1529 373 1578 hominis
384 1532 519 1594 cognoscite,
537 1547 583 1595 quo
598 1531 671 1580 etlicto
681 1531 761 1580 omnis
769 1527 807 1593 ju·

135 1592 195 1642 dieis
205 1592 322 1655 redegerat
331 1594 355 1640 in
367 1610 433 1642 suam
443 1605 593 1658 potestatem:
612 1597 664 1645 “Si
675 1597 716 1660 qui
727 1613 808 1660 perpe·

135 1671 186 1704 ram
199 1656 330 1718 judicasset,
342 1675 366 1706 se
376 1660 537 1722 cogniturumr
555 1676 609 1708 cnm
619 1665 747 1723 cognosset,
759 1661 807 1708 ani·

135 1720 335 1770 madverenrum.'’
350 1723 807 1786 ldqneoumfaoiebatuemodubitabat,
894 1745 895 1754 ι

137 1785 203 1850 quin,
221 1801 274 1834 cum
283 1787 356 1847 judex
371 1789 442 1835 alium
454 1789 483 1836 de
494 1805 535 1836 suo
544 1789 631 1850 judicio
641 1798 734 1852 putaret
746 1790 808 1851 judi·

138 1859 253 1910 saturum,
270 1867 339 1915 seque
356 1853 380 1900 in
397 1868 424 1900 eo
438 1853 518 1916 capitis
533 1854 662 1917 periculum
679 1853 806 1913 aditurum,

138 1916 280 1964 voluntatem
299 1923 409 1979 spectaret
428 1919 487 1978 ejus,
504 1934 574 1982 quem
591 1918 669 1966 statim
688 1918 718 1965 de
737 1920 809 1982 capite

139 1995 181 2034 suo
200 1989 291 2043 putaret
307 1981 472 2042 judicaturum.
498 1981 580 2030 Selecti
597 1999 610 2030 e
628 1991 752 2040 conventu,
769 1991 809 2030 aut

139 2044 250 2107 propositi
258 2060 287 2092 ex
295 2045 481 2108 negotiatoribus,
488 2047 576 2108 judices
584 2047 650 2094 nulli
668 2045 728 2094 Haec
736 2048 808 2110 copia,

140 2121 212 2171 quam
226 2109 286 2167 dico,
300 2109 415 2171 judicum,
431 2111 518 2168 cohors,
530 2127 577 2159 non
592 2112 627 2171 Q,
637 2111 753 2170 Scaevoloe,
771 2111 811 2174 qni

140 2181 218 2224 tamen
230 2173 258 2220 de
269 2175 359 2222 cohorte
369 2173 412 2224 suh
419 2173 473 2222 dare
483 2189 529 2222 non
541 2177 642 2232 solebat3
660 2175 701 2222 scd
712 2176 740 2223 C.
752 2175 810 2224 Ver·

139 2235 178 2284 ris.
196 2236 333 2297 cujusmodi
341 2239 456 2288 cohortem
467 2239 552 2303 putatis
560 2240 603 2288 hoc
610 2239 714 2303 principe
722 2240 810 2288 fuisse?

141 2299 208 2346 sicuti
218 2300 298 2349 videtis
309 2302 424 2351 edictumz
443 2306 460 2332 ‘⁶
470 2303 496 2352 Si
506 2304 562 2367 qnid
573 2307 693 2368 perperam
701 2303 812 2364 judicarit

141 2363 257 2410 senatus.”
274 2365 337 2414 Eum
348 2383 441 2430 quoqne
452 2369 580 2427 ostendam,
596 2369 616 2416 si
627 2368 721 2432 quando
732 2370 763 2416 sit
772 2369 812 2416 da-

141 2432 188 2483 tus,
204 2435 283 2474 coactu
294 2429 367 2487 iatius,
384 2432 447 2494 quod
457 2447 504 2480 non
515 2433 616 2493 senserit,
626 2433 749 2495 judichsse
773 2433 813 2480 Ex

140 2479 192 2561 lege
203 2489 300 2552 Rupilia
314 2495 400 2543 sortitio
414 2497 488 2557 nulla,
505 2498 549 2544 nisi
564 2513 618 2545 cum
632 2498 691 2544 nihil
706 2497 814 2545 intererat

139 2559 215 2604 uhu&
237 2553 301 2616 laege
315 2557 439 2609 Hieronica
449 2561 537 2620 judicia
551 2562 706 2626 plurimarum
723 2571 814 2610 contro·
