1824 2968
271 163 340 214 PRO
355 161 384 213 Ρ.
402 163 561 224 QUINTIO.
574 166 636 216 Cur.
648 169 671 216 6.
793 171 809 218 9

144 309 217 344 essem
227 309 275 344 sese
286 303 354 358 negot
367 294 485 354 daturum,
497 295 541 343 uisi
551 297 618 360 prius,
625 296 654 344 de
664 298 731 344 rebus
741 298 819 349 rstio·.

143 361 258 422 nibusque
279 359 389 407 socieutis
407 360 515 408 oumibus
534 360 666 416 decidissete
683 369 706 408 et
722 363 807 421 seimet,

143 425 188 472 sibi
198 440 252 472 cum
263 424 360 484 Quintio
371 425 527 472 controversie
537 424 595 471 nihil
610 425 724 472 futurum.
752 426 809 474 Pos-

145 489 223 548 terius,
241 489 326 553 inquit,
341 489 385 536 ists
397 487 534 548 videbimus,
551 488 677 547 Quintiusr
694 490 810 538 nunchoc

145 555 215 602 velim
224 569 288 602 cures
299 554 329 607 (si
338 553 381 600 tibi
393 553 501 612 videtur),
513 553 575 616 quod
585 552 670 601 dixisti.
698 554 723 600 N
724 562 775 616 eget
785 570 810 602 se

142 618 189 666 ant
207 619 293 666 ratione
307 617 431 676 sucturum,
451 617 514 681 quod
533 617 685 680 promisisset:
702 618 810 681 nonplus

143 683 186 732 suit
204 683 295 741 referre,
313 697 385 745 quem
404 682 431 740 ei,
449 697 503 730 eum
523 680 675 746 [auctionem]
693 682 808 744 venderet,

142 747 231 796 domini
239 748 314 806 jussu,
325 745 444 808 quidpiam
455 746 599 809 promisisset.

175 810 330 858 Destitutione
346 809 388 856 int
404 811 528 872 perculsus,
546 809 657 868 Quintius
673 825 688 856 e
704 811 808 874 Sospuiie

141 889 229 938 peuces
239 873 287 922 dies
297 871 385 920 auferte
402 873 427 920 in
446 873 547 920 Gallium
565 874 645 932 mittit,
660 883 687 922 ut
704 890 738 933 ee,
754 892 808 938 quse

80 995 84 1004 Ι
143 937 311 1002 proscripseret,
333 937 449 985 venirent:
474 937 584 984 deteriore
604 947 706 1001 tempore
727 940 808 987 eboene

143 1002 300 1050 auctionatur
321 1002 425 1064 Scapulis
441 1001 566 1049 dffiunore
583 1001 710 1050 conditione
726 1002 807 1050 dissol-

144 1067 185 1115 vit.
209 1066 278 1116 Tune
288 1066 388 1130 appellit
398 1066 459 1113 ultro
470 1066 588 1126 Naevium,
599 1074 635 1125 ut,
646 1066 755 1130 quonium
767 1084 806 1114 su.

140 1131 272 1196 spiceretuc
284 1130 363 1194 eliquit
372 1130 402 1178 de
416 1146 441 1177 re
452 1129 501 1177 fore
513 1130 695 1189 controversiam,
710 1131 805 1190 videret,

110 1235 113 1242 .
140 1205 168 1244 ut
179 1210 250 1260 quem
260 1196 372 1259 primum,
385 1201 408 1241 et
439 1209 495 1241 uum
508 1194 607 1242 minimi
620 1209 674 1241 cum
690 1195 804 1254 molestis,

138 1269 188 1310 tots
198 1275 234 1308 res
244 1259 412 1321 transigerem.
476 1259 536 1305 tiste
547 1257 648 1304 emicunt
659 1256 696 1304 M.
708 1258 805 1306 Trebel·

136 1326 212 1382 lium
230 1309 276 1377 n*
283 1337 429 1372 communem
444 1321 603 1395 necessarium,
616 1321 657 1433 Tui
666 1321 731 1369 istius
741 1322 815 1370 domi·

137 1399 187 1438 erat
201 1389 318 1448 educatus,
335 1396 358 1435 et
370 1403 417 1451 quo
434 1389 541 1434 utebatur
550 1395 593 1433 rste
602 1401 619 1450 p
628 1386 738 1446 mimum,
750 1403 804 1450 pro.

136 1455 253 1519 pinquum
271 1461 384 1511 nostrum,
396 1453 449 1500 Sex.
460 1450 604 1514 Alphenum.
622 1451 670 1498 Res
684 1451 804 1499 convenire

136 1519 203 1566 nulio
217 1518 286 1565 modo
295 1525 400 1580 poteram
417 1523 536 1580 propterea
546 1516 608 1578 quod
618 1514 656 1562 hic
666 1515 803 1564 mediocrem

134 1584 250 1646 jactuum
266 1581 340 1630 facere
354 1580 474 1644 cupiebam
491 1580 533 1627 iste
543 1579 650 1626 mediocri
660 1579 738 1642 predi
748 1595 802 1627 con-

136 1654 336 1696 tentusnoneret·
367 1645 451 1713 Itaque
465 1659 494 1692 ex
509 1659 535 1691 eo
550 1652 652 1707 tempore
666 1659 702 1692 res
717 1644 803 1691 esseio

138 1711 296 1760 vadimonium
307 1709 381 1772 ooepit
405 1709 468 1756 Cum
478 1707 608 1758 vadimonis
618 1723 677 1770 sepe
687 1707 758 1756 dilate
768 1723 803 1756 es·

138 1783 197 1834 sent,
209 1783 232 1822 et
241 1789 296 1825 cum
306 1774 451 1836 eliqumtum
461 1771 569 1835 temporis
579 1771 603 1818 in
614 1771 641 1818 ee
651 1781 803 1820 reessetoon-

139 1849 252 1898 mmmm,
270 1853 345 1902 neque
363 1837 492 1900 quidquam
505 1835 633 1900 profectum
651 1843 723 1894 esset3
740 1837 803 1884 venit

135 1903 167 1952 sd
177 1902 336 1951 vadimonium
346 1901 451 1948 Nervius.

171 1967 217 2016 VI.
234 1966 336 2015 Obsecro
347 1974 378 2025 te,
390 1965 418 2012 C.
427 1964 527 2028 Aquini,
538 1980 624 2027 vosque
634 1964 675 2027 qui
685 1965 767 2013 adestis
776 1966 802 2012 in

138 2031 240 2089 consilio,
251 2038 278 2079 ut
293 2030 413 2092 diligenter
422 2029 551 2087 attendatis,
560 2037 587 2075 ut
603 2028 717 2091 deguisse
730 2045 803 2091 genus

139 2093 235 2154 moon,
251 2102 273 2141 et
289 2109 373 2142 novem
388 2093 500 2141 rationem
521 2092 656 2140 insidiarum
671 2107 803 2154 cognoscere

138 2158 236 2223 posside
251 2158 303 2218 Ait,
316 2173 339 2206 se
355 2157 511 2206 auctionatum
527 2171 574 2203 esse
589 2155 614 2202 in
631 2156 721 2203 Gallie:
739 2157 802 2220 quod

139 2223 184 2270 sibi
200 2221 321 2282 videretur,
336 2237 360 2270 ce
377 2221 516 2270 vendidisses
534 2217 631 2279 emisse,
643 2235 672 2267 ne
687 2220 743 2284 quid
759 2221 803 2269 sibi

135 2287 231 2336 societas
241 2285 348 2334 deberet:
366 2302 390 2334 se
400 2288 450 2347 J'am
466 2299 540 2348 neque
550 2283 628 2332 vadari
643 2285 750 2348 emplius,
761 2301 802 2333 ne-

135 2367 184 2416 que
199 2351 357 2398 vadimonium
372 2349 519 2413 promittere:
537 2348 556 2394 si
571 2348 628 2410 quid
643 2363 709 2411 egere
724 2365 802 2397 secum

136 2416 192 2464 vdit
202 2415 323 2474 Quintius,
334 2429 380 2462 non
391 2428 499 2460 recusare.
516 2412 573 2472 Hic,
580 2427 634 2460 cum
644 2427 692 2461 rem
702 2413 802 2462 Gallice·

134 2477 802 2591 eremum

133 2607 183 2658 dies
193 2606 270 2659 XXX
281 2605 330 2656 iere
339 2603 451 2666 Quintius
460 2612 620 2654 commoretur.
646 2603 708 2652 Cum
716 2603 801 2651 cremis
