1824 2968
148 135 164 180 2
316 131 385 182 PRO
402 132 430 180 P.
447 130 606 191 QUINTIO.

147 267 196 317 sets
213 258 305 309 bodun
320 260 373 308 Sex.
388 257 493 319 Neuius,
509 257 540 306 1..
556 257 617 306 Soi'

146 323 279 372 unocurt.
294 338 348 371 curn
359 323 388 370 P.
399 322 545 382 Quintiusin
556 271 783 384 uniimprofoetm

148 395 214 448 met,
225 396 292 436 testes
301 388 429 449 complures
439 387 528 445 sumut,
543 401 567 434 se
574 385 731 433 vadimonium
742 385 783 432 sti-

149 453 209 512 tisse,
225 451 254 498 P.
272 451 396 510 Quintium
408 450 538 497 deseruisse.
561 449 622 497 Eum
636 449 782 496 teststionem

149 521 203 565 tum
213 515 243 564 sd
253 515 281 563 P.
297 513 438 562 Burrienum
448 522 568 576 pretorem
578 512 691 572 edidisset,
702 519 782 576 postu·

148 581 205 628 lavit
211 595 240 627 eu
250 581 323 627 edicto
332 578 443 642 presteris,
452 585 480 625 ut
490 577 533 625 sibi
540 577 632 636 Quintii
640 579 709 634 bons,
716 576 783 639 quusi

148 643 258 692 lstitsntis
272 643 388 704 debitoris,
403 641 516 708 possidere
531 641 614 689 liceret.
632 641 728 698 Praetor,
740 640 782 704 qui

148 708 230 756 deserti
239 707 363 756 vsdimonii
370 707 460 756 tsbulns
471 705 672 769 moniumque
683 704 781 766 audiret,

148 772 263 820 neminem
271 787 346 836 porro,
358 771 399 836 qui
410 774 526 821 absentem
539 771 664 830 Quintium
674 768 782 818 defende-

148 845 192 897 ret,
209 837 286 885 edesse
295 835 390 895 videret,
401 837 595 904 eipossessionem
609 835 715 884 deceruit.
742 835 782 882 Ito

149 901 247 948 Naevius
267 901 315 947 dies
333 899 427 962 triginta
444 900 558 962 possedit:
583 901 668 964 quibus
689 899 782 960 exectis,

149 965 230 1013 eodem
236 966 297 1012 bons
306 963 434 1027 proscribit,
445 963 619 1026 auctionemque
626 965 651 1012 in
661 964 723 1012 diem
735 979 784 1013 eer-

148 1037 199 1078 tom
217 1027 339 1076 eonstinrit
367 1027 429 1074 Cum
446 1042 496 1075 eoos
512 1027 555 1074 tibi
574 1029 637 1075 Sext.
659 1027 783 1092 Alphenus

149 1091 242 1153 Quintii
252 1107 276 1140 se
381 1090 648 1147 toremessedenuntist3
660 1093 737 1139 statim
754 1108 785 1141 ue

149 1167 173 1206 et
183 1156 272 1206 libellos
309 1155 365 1217 icit,
376 1164 399 1204 et
409 1171 517 1220 puerum,
526 1169 596 1220 quem
606 1155 724 1202 Navium
755 1172 784 1203 u.

150 1224 223 1283 eebst,
240 1221 321 1286 eripit3
339 1236 408 1285 seque
421 1229 528 1285 peretum
543 1235 590 1268 esse
602 1218 689 1281 judicio
706 1218 784 1277 Quin.

150 1286 211 1334 tium
226 1285 355 1344 defendere,
365 1287 491 1350 profitetur.
518 1285 591 1333 Hune
601 1283 696 1332 Neuius
707 1283 732 1330 in
744 1284 784 1343 jus

150 1351 181 1398 sd
191 1350 219 1397 P.
231 1349 372 1398 Burrienum
383 1357 461 1397 voests
478 1349 544 1413 petit,
558 1357 585 1396 ut
595 1348 614 1395 si
624 1347 678 1397 velit
692 1362 738 1409 pro
748 1362 784 1394 so-

150 1417 186 1461 cio
197 1415 290 1476 judicto
310 1413 338 1461 P.
358 1413 481 1472 Quintium
501 1411 629 1472 defendere,
648 1413 784 1474 judicatum

151 1480 209 1526 solui
219 1479 322 1535 sotisdet,
338 1476 362 1524 b.
378 1492 398 1524 e.
414 1491 531 1540 sponsores
546 1475 585 1524 det
598 1475 730 1539 locupletes,
742 1475 784 1540 qui

150 1549 290 1606 prestarent,
299 1549 390 1588 tentum
400 1539 536 1588 solutumiri
544 1554 585 1587 suo
592 1540 702 1603 periculo,
709 1555 784 1604 qusn-

151 1615 211 1666 tum,
228 1605 314 1666 judicio
330 1604 399 1663 freto,
418 1605 613 1716 solvinpffiperet,
633 1603 653 1652 si
671 1604 784 1664 Quintius

151 1671 304 1718 damnaretm.
319 1668 352 1716 Al
368 1668 491 1716 benusso'
568 1683 614 1716 non
621 1677 718 1729 recuset,
725 1669 784 1718 dum

150 1731 322 1783 idemvioissim
359 1732 518 1781 aeviusfosist
546 1733 733 1782 Soloseuimeos
748 1750 785 1782 ss-

151 1798 242 1856 tisdsre,
258 1812 358 1861 quorum
371 1799 432 1845 bons
446 1813 475 1844 ex
493 1795 566 1845 edicto
580 1813 681 1861 possesse
694 1807 783 1846 essent:

151 1860 784 1925 hecsutemmnnusseexedicwpoesesupsratum

152 1925 312 1975 sedesendere.
340 1925 436 1984 Praetor,
448 1925 489 1988 qui
502 1926 665 1989 possessionen
680 1925 786 1976 deereve-

151 2000 196 2050 rat,
207 1999 229 2039 et
242 2005 343 2053 possesse
357 1989 426 2038 fuisse
440 1991 501 2038 bone
513 1989 662 2052 intelligebat,
674 1990 783 2056 desernit,

150 2063 178 2102 ut
195 2054 256 2102 solus
272 2053 396 2117 Alphenus
412 2053 518 2102 sotisdet:
536 2054 577 2117 qui
591 2063 651 2114 tum,
667 2056 733 2118 qussi
747 2057 784 2105 in.

149 2120 239 2180 justum
247 2116 653 2182 pretous1deerenrmesseutnbunos
662 2119 786 2186 plebissp-

152 2183 229 2246 pellet
247 2182 284 2230 M.
293 2183 381 2230 Brutus
389 2199 402 2230 e
412 2183 491 2230 desem
499 2197 560 2230 unus
570 2183 669 2244 ostendit
680 2201 704 2233 se
713 2185 785 2233 inter·

151 2261 277 2305 oessurum,
289 2246 332 2294 uisi
343 2246 399 2310 quid
406 2247 465 2295 iuter
473 2263 510 2294 eos
518 2249 654 2296 conveniret.
671 2249 785 2297 movebit

151 2311 223 2374 igitur
233 2319 260 2358 ut
265 2309 341 2360 idibus
352 2311 467 2378 Septemb.
479 2311 504 2359 id
514 2320 556 2371 est,
563 2327 603 2361 sex
611 2321 784 2425 septemvppost
887 2365 893 2372 ,

152 2375 278 2434 mensibus,
290 2375 318 2423 P.
331 2375 441 2435 Quinb‘us
453 2376 540 2439 judicio
554 2392 578 2425 se
591 2378 685 2425 sisteret.
738 2375 786 2424 enit

152 2439 279 2498 Quintium
297 2443 365 2489 rebus
377 2456 437 2506 sepe
454 2440 538 2500 dilatis,
554 2441 647 2490 tandem
661 2441 685 2488 in
700 2441 739 2501 jus
755 2440 786 2489 sd

153 2503 182 2552 P.
194 2503 349 2568 Dolabellam,
368 2516 488 2569 pretorem
499 2505 570 2566 urbis,
589 2505 626 2553 M.
637 2504 727 2566 Tullio,
739 2503 783 2554 Cu.

152 2567 276 2618 Dolobelli
284 2570 348 2620 Coss.
359 2570 412 2620 itur.
437 2571 476 2619 lbi
490 2571 587 2622 Nervius
597 2567 712 2633 judicium
722 2585 786 2618 com.

153 2633 220 2688 mul
232 2635 361 2694 ¹dividundo
377 2636 487 2716 postulet,
505 2650 560 2686 eum
576 2649 612 2698 en,
629 2641 657 2684 ut
674 2631 787 2695 eunus

632 270 662 305 ne
675 255 704 306 G.
719 257 783 306 Nor-
875 295 891 308 ,
