1824 2956
237 171 278 222 IN
294 171 442 224 VERREM
459 171 505 224 1v.
517 173 586 222 Ger}
604 173 646 222 83.
728 172 779 230 ²³39

13 313 14 320 ¹
109 305 229 350 &tomum
240 301 283 352 HS
294 303 363 351 ternis
374 301 417 362 (id,
426 301 489 366 quod
498 310 522 350 et
528 300 661 350 testimoniis
668 299 780 348 omnibus

13 367 14 370 ’
111 374 135 414 et
150 367 233 414 tabulis
243 377 358 414 aratorum
369 367 465 430 planum
475 366 561 414 fectum
579 374 646 413 antea
660 373 713 423 est),
725 372 780 410 tum

108 430 214 492 iste,-pro
227 431 295 478 tritici
310 431 393 478 modiis
405 431 508 492 siugulis,
520 439 595 478 ternos
610 431 639 477 ab
650 428 776 476 aratoribus

108 493 214 542 denarios
222 495 304 557 exegit.
328 495 381 542 IIoo
391 494 477 542 crimen
488 504 536 551 est3
555 502 581 541 ut
595 494 717 556 intelliges,
729 500 781 538 non<

109 570 140 606 ex
155 559 312 618 aestitnatmne,
327 567 402 623 neque
419 573 448 605 ex
464 559 533 606 ternis
550 557 656 617 denariis,
677 556 779 620 pendere

109 622 206 682 crimen,
227 620 266 670 sed
284 637 313 670 ex
330 623 460 670 coauctione
477 637 574 670 annonae
589 630 658 686 atque
678 620 777 668 estimo«

105 685 182 734 tionis·
606 701 608 703 ’
775 709 778 726 t

141 750 277 798 LXXXII.
294 750 389 798 Etenim
400 751 448 798 hec
459 749 577 798 estimatio
588 758 642 796 nata
652 757 694 808 ast,
709 747 773 809 judi-

107 827 154 872 oes,
165 814 239 873 initio,
255 828 301 861 non
312 830 341 861 ex
353 823 477 877 pratorum
494 823 534 861 ant
549 815 677 874 consulum,
694 813 733 860 sed
744 827 774 860 ex

108 886 225 926 aratorum
242 885 311 940 etque
325 878 451 936 civitatum,
466 878 592 926 commodo.
619 879 696 925 Nemo
710 877 773 924 enim

107 942 154 990 fuit
164 941 230 989 initio
241 950 287 989 tam
299 942 428 1005 impudens,
440 942 489 1005 qui,
508 957 561 989 cum
576 941 717 990 frumentum
733 941 774 988 de·

106 1008 208 1065 bamur,
226 1003 349 1070 pecuniam
367 1005 473 1069 posomet
502 1007 569 1054 Certe
584 1006 628 1053 hoc
642 1008 672 1053 ab
687 1008 774 1054 nemra

106 1071 210 1134 p'rImnm
228 1078 262 1118 est
276 1069 413 1132 profectum,
428 1079 469 1116 aot
482 1070 511 1118 ab
529 1067 555 1116 ei
571 1070 669 1128 civitate,
681 1071 719 1117 oni
728 1070 773 1116 im·

105 1134 243 1198 pertubatur,
261 1149 314 1182 cum
325 1143 365 1182 aut
375 1134 517 1182 frumentum
526 1134 670 1191 vendidisset,
679 1143 719 1180 aut
726 1147 777 1180 ser-z

106 1213 161 1246 vore
171 1199 247 1258 vellet,
255 1207 295 1245 aut
305 1199 330 1245 in
339 1211 392 1246 eum
400 1199 486 1257 lotum,
495 1213 541 1272 quo
549 1198 712 1260 imperabatur,
719 1212 778 1259 por-1v

105 1269 155 1310 tare
172 1263 258 1320 nollet,
276 1261 356 1325 petivit
374 1263 398 1309 in
413 1262 516 1309 benefieri
533 1261 591 1321 loeo,
609 1271 632 1308 et
647 1261 735 1323 grafia,
746 1267 773 1308 nt

105 1327 159 1382 sbi,
171 1341 213 1390 pro
222 1326 439 1438 fiumenw’fflfi
448 1325 592 1372 frumentum
602 1333 667 1384 esset,
679 1325 733 1371 dare
743 1325 774 1370 lia·

105 1399 174 1439 aeret
198 1389 237 1437 Ex
247 1391 342 1452 hnjnsm
373 1391 378 1400 “
390 1389 509 1453 principio,
521 1399 627 1452 atqueex
637 1389 773 1436 liberalitate

104 1462 176 1517 etque
196 1454 403 1502 aocommodatione
425 1455 610 1517 magistratuum,
633 1452 773 1502 consuetudo

105 1518 262 1566 memorationis
271 1519 400 1566 moodueta
410 1527 450 1566 est

137 1583 215 1631 Secuti
225 1591 279 1629 sunt
289 1583 400 1631 avariores
410 1581 570 1646 magittratus3
587 1583 628 1648 qui
644 1592 730 1642 nmen,
747 1582 772 1630 In

103 1645 200 1712 matini
217 1647 267 1707 sub,
280 1659 327 1694 non
346 1647 421 1695 solnm
437 1649 498 1694 viam
514 1651 613 1711 qnaestbs
626 1647 770 1706 invenerunt,

105 1710 266 1760 verumetiam
278 1711 365 1758 exitum
376 1725 404 1758 ee
413 1712 523 1760 rationem
537 1712 680 1760 defensionis.
701 1711 771 1758 Insti-

105 1782 201 1822 tnorunt
211 1789 300 1838 semper
310 1773 340 1822 ad
350 1774 434 1822 ultima
444 1792 470 1822 ao
480 1776 615 1822 difficillima
628 1776 678 1822 loca
688 1789 772 1837 appor-

105 1837 351 1904 tandumfromentum
359 1837 771 1902 ιιιηιειειιεμιι,ιεοιιιιωιιιῇειιιῑιιε,Ι

104 1901 135 1950 ad
147 1917 218 1966 qnam
229 1903 313 1950 vellent
323 1903 496 1951 estimationem
512 1903 662 1966 pervenirent.
686 1902 716 1948 ln
727 1901 772 1948 hoo

103 1981 186 2078 ffiere
207 1966 294 2014 facilior·
311 1975 345 2014 est
362 1967 506 2026 existimatio,
522 1979 593 2030 quam
610 1964 769 2028 reprehensioe

156 2063 164 2090 ‚
175 2030 238 2093 qnod
249 2045 312 2089 aum,
323 2031 364 2094 qui
374 2031 417 2078 hoe
428 2027 490 2090 Issit,
498 2031 592 2078 avarum
599 2035 721 2093 possumne
729 2043 770 2076 exa

102 2095 220 2142 bomne:
238 2095 324 2142 crimen
340 2095 365 2142 in
383 2111 409 2142 eo
425 2095 559 2142 oonstituere
575 2093 686 2141 nontam
704 2093 771 2140 facila

102 2169 240 2222 possumus3
258 2159 321 2222 qood
327 2157 416 2206 videtur
424 2157 592 2206 eoncedendum
600 2157 770 2220 magistratibus

104 2223 187 2270 nostris
198 2237 253 2283 esoe,
265 2232 293 2270 ut
306 2223 342 2283 iis,
354 2239 400 2288 quo
410 2224 460 2271 loco
471 2221 550 2280 velint,
559 2221 701 2268 trumentum
712 2221 770 2268 acci:

104 2301 158 2352 pere
167 2287 242 2334 liceat.
259 2287 342 2352 Itaque
352 2289 444 2347 honest,
456 2287 519 2350 qnod
528 2285 599 2332 multi
608 2284 701 2332 fortasse
710 2285 769 2332 fece-

102 2359 173 2406 runt;
192 2349 240 2414 [at]
252 2351 285 2398 ita
294 2352 371 2411 multi,
380 2360 407 2398 nt
416 2351 442 2411 ii,
454 2348 713 2415 quesinnooentiseimoe
721 2363 770 2398 me·

100 2415 212 2462 minimus
223 2423 264 2462 aut
271 2415 410 2474 audivimus,
419 2429 464 2462 non
476 2415 576 2462 fecerint.
762 2429 766 2436 ¹

133 2479 285 2527 LXXXIII.
310 2477 395 2537 Qnaero
413 2493 475 2526 nuno
491 2493 505 2527 a
523 2488 554 2538 te,
577 2477 695 2537 Hortensi,
714 2493 768 2526 cum

99 2543 159 2591 ntris
176 2542 270 2592 tandem
280 2543 345 2591 istius
361 2543 448 2590 factum
466 2544 589 2590 oolletnrus
606 2545 650 2590 es?
666 2557 719 2590 cum
730 2543 767 2602 iis,
805 2565 808 2574 ·

99 2607 175 2667 oredo,
193 2607 243 2670 qui,
261 2607 401 2669 benignitate
417 2607 518 2666 adducti,
536 2623 577 2670 per
592 2605 728 2655 beneficium
744 2610 768 2654 at

98 2671 198 2734 gratiam
207 2670 339 2724 eivitafibns
349 2680 513 2732 conoessenmt,
522 2680 550 2719 ot
557 2681 665 2730 ntmrmot
670 2669 768 2734 pressus
