1828 2966
274 157 314 212 m
330 159 478 214 vnrnnu
496 165 517 213 1.
529 146 629 214 cina
738 161 785 213 ut

114 291 331 342 multamilia&
342 293 416 356 vap
429 293 594 346 tnsidmtent
604 287 709 357 marique
719 293 786 343 facta

117 359 172 418 sint,
191 372 250 420 quus
265 359 349 420 partim
359 358 413 406 med
426 357 546 422 diligantid
557 359 687 420 devitirim,
703 359 788 422 partim

113 422 245 470 amicorum
253 422 328 470 studio
339 422 458 488 officioque
464 424 603 486 repulerim3
620 437 742 486 nunquam
752 431 787 470 ta·

114 499 172 533 men
183 501 259 549 neque
269 495 361 534 tantum
374 489 503 550 periculum
512 489 571 536 mihi
579 488 642 536 edire
652 488 714 536 visus
725 502 786 548 sum,

114 565 193 614 neque
209 559 327 614 tantopere
342 553 459 614 pertimui,
472 562 499 600 ut
514 568 577 601 nuno
591 553 617 600 in
631 553 681 616 ipso
692 552 786 613 judicio

116 615 205 678 Neque
214 623 306 662 tantum
314 631 352 663 me
360 617 496 680 exspectatio
504 618 651 666 accusationis
659 632 725 676 meae,
733 631 787 664 oon·

114 688 245 742 'cursusque
259 687 329 727 tanto
343 681 507 741 multitudinis,
522 683 606 746 quibus
617 697 659 745 ego
669 683 737 730 rebus
748 695 787 728 ve-

92 763 94 766 ·
116 743 289 791 liuentissime
304 747 432 808 perturbor,
444 755 579 806 commovet,
593 755 706 811 quantum
721 745 788 793 iatius

116 808 208 856 insidia
218 808 319 868 nefariae,
336 825 394 872 quas
404 825 451 857 uno
461 819 563 874 tempore
573 812 639 870 mihi,
654 811 727 869 vobis,
747 810 786 857 M’

118 872 242 920 Glabrioni
253 873 352 936 praetori‚
365 873 437 933 sociis,
453 877 534 922 exteris
550 876 688 935 nationibus,
702 874 786 934 ordini,

115 937 210 984 nomini
228 937 328 1001 denique
343 940 463 998 senatorio,
476 939 549 987 fucere
564 945 673 996 c‘onatuu
697 939 739 1002 qui
754 939 788 986 ita

115 1000 217 1060 dictitat,
232 1001 260 1048 iis
274 1017 322 1050 esse
338 1004 497 1064 metuendum,
515 1004 564 1068 qui,
581 1004 644 1068 quod
660 1004 716 1066 ipsis
734 1003 788 1050 solis

114 1065 173 1112 'satis
189 1073 255 1126 esset,
272 1067 449 1130 surripuissent:
466 1084 490 1116 se
502 1077 594 1116 tannim
604 1069 713 1132 rapuisse,
725 1076 752 1116 ut
762 1067 788 1114 id

116 1129 200 1176 multis
217 1131 271 1178 satis
290 1145 337 1178 esse
353 1133 440 1195 possit:
463 1133 522 1179 nihil
541 1148 588 1180 esse
606 1141 654 1180 tam
672 1139 787 1189 sanctum

115 1193 183 1258 quod
193 1209 240 1241 non
252 1194 339 1256 violari,
350 1196 409 1243 nihil
419 1204 468 1247 tarn
478 1196 604 1258 munitum,
615 1197 679 1260 quod
689 1211 736 1244 non
747 1211 788 1242 ex-

117 1259 220 1322 pugnari
229 1258 326 1321 peounii
336 1260 413 1324 possit.

151 1323 225 1382 Quod
236 1323 263 1382 si,
274 1340 345 1387 quam
353 1325 430 1372 audax
438 1333 472 1373 est
482 1324 512 1372 ad
522 1325 661 1384 conandum,
673 1331 721 1370 tam
732 1331 791 1371 esset

114 1389 230 1436 obscurus
246 1388 271 1434 in
282 1389 386 1450 ugend03
403 1390 497 1438 fortasse
510 1391 589 1454 aliqui
604 1391 630 1438 in
646 1404 671 1436 re
688 1403 730 1436 nos
747 1388 789 1436 ali-

118 1451 214 1516 quando
230 1451 352 1500 fefellisset.
376 1454 466 1504 Verum
476 1455 524 1511 ,hoc
540 1455 615 1502 adhuc
629 1453 790 1518 percommode

118 1516 190 1575 radit,
201 1517 265 1579 quod
275 1533 329 1566 sum
344 1519 472 1568 incredibili
488 1521 537 1580 ejus
551 1519 647 1568 audacid
665 1518 789 1582 singularis

110 1581 219 1642 ,nuum
225 1583 346 1643 conjuncta
356 1593 398 1632 est.
415 1585 488 1642 Nam,
501 1593 527 1632 ut
537 1593 628 1648 apertus
635 1584 660 1630 in
667 1584 790 1648 oorripien-

118 1645 156 1694 dis
172 1646 275 1708 pecuniis
291 1647 344 1708 fuit,
364 1650 404 1708 sic,
421 1649 447 1696 in
465 1663 505 1712 spe
522 1648 684 1712 corrumpendi
698 1647 789 1709 judieii,

119 1710 241 1774 perspicua
251 1727 292 1758 sua
303 1713 396 1762 oonsilia
403 1720 542 1776 conatusque
553 1713 659 1760 omnibus
669 1713 729 1762 fecit.
746 1713 789 1760 Se

120 1775 178 1833 mel,
196 1775 236 1835 ait,
248 1791 272 1822 se
288 1777 313 1824 in
329 1777 537 1841 vitipertimuisse,
549 1786 608 1838 tum,
620 1777 788 1839 cumprimum

120 1853 175 1886 reue
185 1854 200 1885 a
211 1853 250 1887 me
260 1839 333 1888 factm
343 1843 389 1900 sit;
406 1842 477 1905 quod,
489 1858 541 1890 oum
553 1857 566 1889 e
581 1842 698 1905 provinciis
711 1855 789 1889 recens

122 1910 189 1960 eset,
206 1903 338 1968 inviditque
352 1915 375 1954 et
384 1908 481 1954 inl'amili
491 1923 538 1955 non
550 1906 643 1964 receuti,
659 1905 699 1953 sed
714 1915 789 1952 vetere

124 1981 151 2014 aa
162 1966 273 2016 diuturni
283 1970 396 2032 flagraret,
408 1981 468 2032 tum,
479 1971 631 2034 adjudicium
641 1983 789 2031 corrumpen-

121 2031 189 2090 dum,
201 2040 292 2094 tompus
303 2035 404 2082 alienum
419 2035 549 2084 offenderet.
567 2037 658 2097 Itaque,
676 2049 730 2080 cum
747 2048 789 2094 ego

121 2095 186 2142 diem
196 2094 221 2142 in
236 2096 362 2162 [Siciliam]
379 2101 509 2162 inquirendi
524 2100 672 2163 perexigunn
688 2098 789 2158 postula-

122 2159 216 2220 vissem,
226 2161 313 2209 invenit
323 2163 373 2222 iste,
385 2165 426 2226 qui
436 2165 479 2211 sibi
489 2165 513 2210 in
524 2163 640 2210 Achaiam
653 2161 724 2208 biduo
739 2163 790 2208 bre-

122 2224 211 2271 viorem
221 2225 283 2272 diem
298 2229 438 2290 postularet:
455 2243 502 2274 non
518 2237 544 2275 ut
559 2227 579 2274 is
594 2227 656 2273 idem
671 2224 791 2273 conficeret

122 2287 244 2350 diligentiis
255 2299 277 2337 et
287 2291 399 2339 industrii
412 2291 462 2351 sui,
473 2291 536 2356 quod
547 2307 589 2353 ego
605 2305 657 2337 meo
673 2290 751 2337 labore
767 2299 790 2337 et

123 2353 209 2414 vigiliis
220 2365 352 2404 consecutus
363 2371 431 2403 sum:
449 2357 532 2404 etenim
541 2356 580 2402 ille
588 2355 704 2403 Achaicus
714 2354 737 2400 in
754 2356 791 2401 ui-

122 2417 179 2464 sitor
190 2431 220 2465 ne
229 2419 381 2468 Brundisium
391 2421 485 2484 quidem
495 2420 614 2484 pervenit3
632 2435 674 2482 ego
690 2371 792 2466 stulu

123 2489 199 2528 totam
209 2483 378 2547 quinquaginta
386 2485 466 2533 diebus
477 2485 508 2533 sic
518 2485 573 2542 obii,
585 2492 612 2531 ut
627 2484 732 2531 omnium
750 2497 793 2546 po·

121 2546 233 2614 pulorum
243 2549 430 2613 privatorumque
439 2550 515 2598 literas
522 2549 663 2612 injuriasque
672 2562 792 2610 cognosce-

122 2625 190 2668 rem;
208 2612 790 2678 utpespiurumuuvisuoepossahominemab
