1828 2966
236 71 289 156 ,iu
304 105 453 156 morsu
470 105 506 156 11.
523 105 588 157 cn».
603 108 641 156 re.
735 105 781 156 roe

15 245 22 254 ·
115 231 171 280 meis
187 231 249 282 horis
262 233 287 283 in
298 235 428 286 'wcusendo
441 236 477 284 uti
488 235 625 295 voluissem,
642 247 737 294 ruera,
753 249 784 282 ue

114 297 172 344 mihi
179 298 275 347 crimirra
284 314 331 346 non
341 309 503 364 suppeterent;
520 316 550 348 ne
560 301 631 348 oratio
642 300 743 354 deesset;
755 313 785 346 ne

114 376 158 409 vox
173 363 277 426 viresque
291 363 426 422 deficereutt
444 381 481 424 ne,
499 379 649 432 quemlnemo
660 363 736 427 primi
746 378 784 411 cc-

114 425 175 474 tione
193 427 314 475 defendere
330 443 400 476 ausus
417 439 483 488 esset,
500 444 554 476 eum
570 445 612 492 ego
627 429 663 477 bis
680 442 785 475 accusare

112 504 159 537 non
175 507 272 554 possem.
292 492 345 554 Ego
362 508 441 540 meum
457 494 578 542 consilium
594 505 645 540 tum
658 491 784 554 judicibus,

113 563 163 601 tum
178 557 265 618 populo
275 556 391 616 Romano,
403 559 504 620 probavi.
534 559 613 605 Nemo
625 566 667 616 est,
683 557 725 620 qui
739 555 786 602 etit

112 619 200 666 ratione
216 619 313 667 istorum
324 621 421 681 injuriae
438 630 507 686 etque
521 622 671 685 impudentias
685 619 785 684 potuisse

113 684 192 730 obsisti
203 685 332 732 arbitretur.
360 685 455 733 Etenim
466 687 514 749 qui
524 687 620 734 stultiut
635 685 738 743 fuissem,
756 683 784 743 si,

114 763 185 811 quam
199 748 270 806 diem,
288 749 329 811 qui
346 749 417 797 istum
431 750 575 813 eripiendum
590 751 742 808 redemerunt,
759 748 785 796 in
854 775 860 786 ι

113 812 219 860 cautione
229 812 344 873 viderunt,
362 829 415 861 cum
430 814 462 861 ite
478 824 590 874 caverent,
608 815 662 862 “Si
677 825 729 878 post
740 813 786 860 Ca·

114 876 194 924 lendes
204 877 260 924 Jan.
271 877 296 923 in
307 878 428 925 consilium
441 877 512 926 iretur
519 879 545 936 ;‘’
561 879 586 926 in
597 894 648 926 enm
659 878 720 926 diem
731 893 783 941 ego,

115 955 169 988 cum
180 941 306 1004 potuissem
315 942 395 1000 vitare,
411 942 559 991 incidissem?
577 943 648 990 Nune
657 943 715 990 mihi
726 950 785 989 tem-

114 1005 177 1068 poris
191 1007 249 1067 ejus,
267 1006 329 1069 quod
343 1007 402 1054 mihi
412 1007 442 1054 ad
452 1007 575 1054 dicendum
585 1007 662 1065 datur,
673 1007 784 1069 quoniam

114 1069 140 1116 in
148 1070 227 1118 anino
234 1079 269 1118 est
276 1085 368 1118 causam
378 1085 471 1120 omnen
482 1086 603 1134 exponere,
614 1070 719 1121 habende
727 1069 786 1117 ratio

114 1135 287 1198 mffimm
790 1134 794 1142 ’

88 1221 92 1228 2
117 1231 121 1238 -
146 1198 209 1246 XII.
227 1201 310 1263 Itaque
320 1200 422 1262 primum
432 1200 500 1247 illum
511 1208 589 1248 actum
599 1198 665 1246 istius
672 1197 725 1244 vitae
736 1205 786 1244 tur-

112 1263 236 1327 pissimum
251 1273 274 1310 et
284 1264 485 1328 flagitiosissimum
496 1263 675 1326 praetemrittam.
693 1260 762 1308 Nihil
772 1277 787 1308 a

113 1343 153 1375 me
164 1328 193 1376 dc
203 1329 307 1391 pueritie
317 1343 365 1378 eure
375 1329 467 1392 flagitiis
476 1329 619 1392 peccatisque
629 1327 714 1383 audiet,
726 1325 786 1372 nihil

114 1407 144 1440 ex
158 1392 200 1440 illc
214 1391 305 1455 impuri
319 1393 469 1441 adolescentis
479 1393 536 1448 suit
554 1408 606 1455 quae
619 1391 693 1456 qualis
706 1390 784 1449 fuerit,

115 1467 156 1504 aut
164 1457 309 1516 meministis,
321 1466 361 1504 aut
369 1473 398 1505 ex
406 1473 441 1517 eo,
450 1473 519 1521 quem
528 1457 564 1504 sui
575 1456 721 1504 simillimum
731 1470 785 1518 pro-

115 1521 191 1580 duxit,
202 1534 359 1584 recognoscere
366 1521 466 1584 potestis
492 1521 581 1570 Omnis
591 1521 718 1585 preteribo,
730 1535 783 1582 quae

112 1585 174 1632 mihi
190 1585 267 1648 turpia
284 1585 346 1634 dictu
365 1585 517 1634 videbuntur:
535 1601 609 1649 neque
625 1586 709 1643 solum,
727 1583 785 1647 quid

112 1649 184 1698 istum
196 1649 283 1710 audire,
300 1665 381 1697 verum
396 1651 473 1708 etiam,
491 1650 548 1714 quid
561 1665 599 1697 me
614 1650 691 1696 deceat
701 1647 784 1706 dicere,

15 1743 19 1752 ·
111 1714 266 1762 considerabo.
284 1713 342 1772 Vos,
359 1729 446 1777 quaeso,
457 1714 509 1762 date
519 1715 571 1772 hoc,
583 1722 605 1762 et
616 1711 731 1761 concedite
741 1727 787 1774 pu-

110 1779 162 1826 dori
176 1793 238 1836 meo,
254 1786 281 1824 ut
294 1777 397 1841 aliquem
414 1787 504 1841 partem
519 1778 548 1826 de
561 1778 627 1826 istius
641 1775 786 1841 impudendi

111 1844 206 1890 reticere
212 1842 306 1906 possim.
324 1843 403 1890 Omne
409 1843 468 1889 illud
477 1851 577 1906 tenpus,
586 1841 649 1905 quod
656 1841 711 1898 init,
722 1848 787 1886 ante-

112 1923 186 1972 quam
196 1907 239 1954 iste
250 1906 282 1954 ad
295 1906 441 1969 magistratus
452 1921 547 1970 remque
557 1907 674 1969 publicam
685 1902 786 1962 accessit,

112 1971 198 2019 habeat
208 1985 249 2034 per
257 1986 295 2018 me
302 1971 403 2018 solutum
415 1986 442 2018 ac
452 1971 557 2020 liberum.
584 1971 683 2018 sileatur
692 1967 722 2015 de
732 1981 787 2014 noc-

113 2035 189 2083 tamis
199 2036 250 2096 ejus
260 2033 446 2082 bacchationibus
453 2051 479 2082 ac
488 2035 586 2098 vigiliis3
598 2035 717 2092 lenonum,
726 2031 788 2078 elea·

113 2107 202 2158 torum,
214 2098 384 2162 perductorum,
396 2099 461 2146 nulla
470 2099 557 2146 mentio
568 2097 624 2155 ficte
641 2097 735 2155 domna,
746 2095 787 2142 de-

112 2164 205 2223 decora,
217 2179 269 2230 quae
278 2178 312 2210 res
320 2164 391 2226 patris
399 2163 457 2223 ejus,
469 2172 523 2211 aetos
532 2163 604 2226 ipsius
614 2159 716 2224 pertulit,
728 2175 787 2222 prse-

113 2237 245 2276 tereaotur:
263 2228 363 2275 lucretur
373 2227 457 2274 indicia
465 2227 545 2275 veteris
552 2226 669 2281 infamiae3
686 2224 788 2288 patiatur

114 2294 166 2354 ejus
184 2293 233 2340 vita
247 2291 336 2355 reliqua
351 2307 389 2338 me
404 2291 464 2339 hano
481 2299 569 2338 tantam
582 2291 695 2352 jacturam
710 2289 788 2337 crimi-

115 2371 176 2405 num
188 2356 269 2404 facere.

148 2423 258 2482 Quaestcr
276 2419 320 2468 Cn.
330 2420 423 2484 Papirio
437 2420 526 2468 consuli
540 2419 605 2466 fuisti
618 2419 702 2466 abhinc
716 2433 788 2465 annos

114 2485 299 2552 quatuordecim.
327 2485 366 2532 Ex
377 2485 405 2532 eb
414 2485 452 2532 die
462 2485 492 2532 ad
502 2485 562 2532 hanc
572 2483 632 2530 diem
644 2499 696 2546 quae
706 2481 787 2540 fecisti,

111 2551 138 2598 in
148 2549 266 2612 judicium
277 2564 339 2596 voco.
357 2549 424 2596 Hora
434 2549 499 2596 nulla
509 2563 581 2596 vacue
591 2564 606 2596 a
615 2548 686 2606 furto,
697 2545 788 2602 scelere,

112 2615 260 2676 crudelitate,
277 2612 373 2678 flagitio,
390 2613 521 2678 reperietur.
545 2611 581 2660 Hi
597 2621 652 2661 sunt
666 2609 722 2658 euni
735 2621 790 2656 con·
