1824 2968
77 105 93 150 8
208 104 278 154 PRO
294 105 323 153 Ρ.
341 103 612 165 ulimmerus.

76 229 179 280 minibus
188 233 311 296 pecuniam
322 233 407 281 Rome
421 232 496 282 orrari
514 237 645 298 oporteret3
661 233 749 282 nuatio-

75 309 130 342 nem
140 295 165 343 in
176 297 255 371 Gallu
266 298 294 346 P.
306 297 344 346 hic
355 297 467 356 Quintius
478 297 590 373 Narbone
598 313 621 346 se
631 295 748 376 facturum

76 363 749 489 titil²sfflntibttttbmiffl

75 488 156 536 multis
172 489 247 538 verbis
258 490 364 548 deterre,
375 501 405 538 ne
416 491 576 540 auctionatura
593 507 647 540 eum
658 493 749 540 nonita

75 553 197 602 commoda
217 569 283 616 posse
304 569 331 602 eo
353 563 464 618 ternpore,
491 571 544 620 quo
571 556 747 620 proscripsisset,

76 617 189 667 rendae:
214 617 297 668 Romae
315 619 359 667 sibi
376 635 527 668 nummorum
540 620 672 669 facultatem
690 635 746 678 esse,

76 697 157 744 quarn,
175 682 301 746 sisaperet,
314 699 463 732 communem
479 685 627 745 exbdnraret,
659 700 685 732 ro
700 685 747 730 fra-

76 746 143 793 terni
163 745 205 794 illi
222 748 395 807 necessitudine,
418 758 441 797 et
462 765 505 813 pro
524 750 597 814 ipsius
676 748 745 796 'tates

77 823 133 856 nam
144 809 172 857 P.
184 809 277 868 Quintii
293 813 452 860 consobrinam
467 815 539 862 habet
558 814 583 861 in
601 811 749 861 matrimonio

77 873 182 934 Nerius,
199 883 222 922 et
232 889 262 922 ex
273 875 300 923 ei
309 877 400 925 liberos.
418 877 490 936 Quia,
502 878 565 942 quod
574 878 650 926 virum
660 879 749 926 bonnm

76 936 150 986 faeere
171 941 299 1001 oportebat,
322 940 347 986 id
368 941 506 1003 loquebatur
527 938 632 1000 Naevius,
654 942 751 990 eredidit

78 999 198 1061 Quintius,
210 1019 273 1061 eum,
285 1004 327 1067 qui
341 1004 467 1051 ontionem
481 1006 596 1051 bonorum
610 1005 749 1066 imitaretur,

77 1065 137 1112 fasta
153 1082 186 1129 qu
217 1083 247 1114 ue
266 1068 418 1115 imitaturum.
441 1068 583 1115 Auctionem
599 1069 659 1116 velle
674 1069 749 1118 swero

77 1083 307 1180 desistitzoisomnm
324 1131 489 1195 proficiscitur:
515 1131 605 1179 decedit
623 1145 653 1179 ex
670 1133 749 1182 Gallia

78 1193 181 1242 Romam
191 1196 262 1244 simul
273 1197 298 1244 N
299 1197 377 1245 avius

110 1258 173 1307 Cum
178 1261 300 1324 pecuniam
310 1262 337 1310 C.
345 1261 457 1321 Quintius
465 1261 493 1309 P.
503 1261 610 1324 Scapulae
615 1258 749 1315 debirissets

77 1337 119 1386 per
128 1331 160 1381 te,
178 1325 206 1372 C.
216 1327 318 1389 Aquilli,
330 1327 414 1374 decidit
425 1327 453 1373 P.
465 1325 586 1386 Quintius,
598 1324 661 1388 quod
670 1323 750 1371 liberis

77 1387 127 1446 ejus
138 1387 275 1436 dissolveret
292 1391 346 1438 Hoc
356 1406 382 1438 eo
393 1406 434 1453 per
441 1399 465 1438 te
472 1393 592 1452 agebatur,
599 1388 671 1452 quod,
678 1403 749 1452 prop-

77 1458 112 1497 ter
123 1451 226 1499 arariam
239 1453 360 1512 rationem,
372 1469 419 1502 non
434 1455 488 1502 satis
503 1463 551 1502 erat
567 1453 592 1500 in
610 1453 695 1501 tabulis
712 1452 749 1500 in-

77 1515 186 1576 spexisse,
197 1525 313 1579 quantum
323 1517 452 1578 deberetur,
467 1518 512 1566 nisi
526 1519 557 1566 ad
569 1517 669 1566 Castoris
684 1531 749 1580 quse·

77 1579 152 1638 sisset,
165 1588 280 1644 quantum
299 1581 548 1647 solvuetm.‚1lesidis
564 1581 693 1646 statuique
712 1589 748 1641 tu,

77 1653 170 1707 propter
182 1645 370 1693 nenessitudinem
390 1661 443 1710 quse
459 1646 501 1695 tibi
518 1661 573 1696 oum
586 1645 691 1710 Scapulis
705 1654 748 1706 est,

78 1708 136 1770 quid
143 1708 172 1756 iis
182 1707 212 1757 ad
219 1709 340 1757 denarium
349 1710 480 1758 solveretur.

111 1773 143 1821 V.
171 1774 230 1822 Hoec
240 1774 319 1822 omnia
329 1774 441 1833 Quintius
452 1777 542 1838 agebat,
554 1783 645 1824 auctore
657 1783 680 1823 et
695 1787 750 1823 oon·

79 1850 169 1884 musore
180 1837 270 1885 Naevio.
295 1839 346 1886 Nec
356 1839 452 1897 mirum,
464 1841 483 1887 si
498 1841 547 1901 ejus
558 1843 666 1887 utebatur
676 1839 750 1887 oonsi-

78 1899 118 1974 tio,
130 1902 196 1961 eujus
200 1903 318 1976 auxilium
326 1903 369 1978 sibi
377 1904 485 1966 paratum
493 1905 596 1967 putabat.
614 1904 670 1950 Non
678 1903 750 1978 niodo

78 1965 331 2075 uu
340 1967 750 2092 flu

78 2091 125 2138 bat.
150 2093 262 2152 Quintius
279 2111 347 2160 porro
369 2095 440 2142 istum
460 2111 527 2158 posse
548 2095 622 2142 socero
639 2096 748 2153 videbat3

78 2153 160 2204 debere
171 2157 329 2222 intelligebat:
348 2159 448 2220 mentiri,
460 2159 516 2223 quia
526 2173 602 2219 eausa,
615 2175 656 2208 aur
665 2160 750 2210 menti·

78 2225 148 2280 retur,
160 2235 207 2268 non
225 2231 282 2281 erat,
294 2238 341 2270 non
358 2225 469 2286 putabuts
487 2224 554 2287 qussi
567 2223 630 2272 donsi
641 2239 751 2274 nummos

77 2281 180 2343 baum,
191 2285 225 2334 ita
231 2287 347 2335 eonstituit
355 2288 459 2350 Soapulis
470 2303 494 2335 se
504 2288 621 2337 datum
638 2289 749 2338 Novium

78 2348 197 2396 certiorem
208 2350 279 2398 facit:
297 2361 371 2414 rogat,
382 2359 409 2398 ut
419 2360 491 2411 curet,
502 2352 566 2415 quod
576 2353 677 2400 dixisset.

110 2411 176 2460 'l'urn
186 2414 229 2462 iste
239 2416 274 2464 vir
288 2416 388 2480 optimus
404 2418 501 2481 (vereor,
513 2431 542 2463 ne
553 2432 576 2464 se
592 2416 689 2464 desideri
704 2430 749 2478 pu-

78 2482 120 2534 tet,
132 2478 195 2541 quod
210 2480 295 2528 iterum
311 2483 362 2543 iarn
378 2481 437 2540 dico,
449 2481 571 2544 optimus),
584 2481 626 2544 qui
643 2480 707 2527 bunc
724 2479 750 2526 in

78 2553 181 2591 orminos
195 2545 312 2608 angustias
328 2545 454 2594 adductum
468 2554 576 2609 putarem
593 2553 621 2592 ut
632 2559 686 2592 eum
702 2543 750 2592 suis

79 2605 247 2660 conditionibus
259 2609 284 2658 in
301 2609 351 2676 ipso
363 2611 459 2662 articulo
472 2609 582 2675 temporis
591 2607 751 2674 adstringeret,
