1824 2968
113 171 145 218 n
236 168 648 232 Pno.r.QU1Nn¹10.cir.21.

113 303 199 358 ments3
211 315 252 362 per
262 315 379 348 summum
390 297 487 348 dedecus
503 307 526 347 et
541 297 693 360 ignominium
705 295 779 359 deripi

113 363 238 412 convenire.
255 365 352 423 Quodsi
361 366 453 427 probari
463 363 550 411 nemini
557 371 639 425 potest,
650 360 710 408 illud
719 370 779 408 certe

113 427 205 490 probari
221 429 327 476 omnibus
343 443 431 476 necesse
448 437 489 486 est,
500 427 619 474 defensum
635 441 682 472 esse
692 424 779 486 judicio

113 491 229 539 absentem
242 493 373 551 Quintium.
391 492 463 552 Quod
479 507 532 539 cum
549 491 582 538 its
600 497 642 549 est,
661 505 690 536 ex
707 489 781 536 edicto

115 556 177 603 bons
186 572 286 618 possesse
294 571 340 604 non
352 565 412 605 sunt

133 637 136 646 ’
147 620 183 667 At
194 621 255 668 enim
266 621 352 668 tribuni
359 620 432 684 plebis
443 635 472 668 ne
482 619 603 667 audierunt
610 617 711 681 quidem.
735 617 782 664 Fe-

116 692 172 743 teor,
190 685 208 731 si
219 685 251 731 ito
261 694 302 745 est,
314 693 481 748 procuratorem
493 683 581 742 decreto
596 682 698 746 presteris
713 696 781 744 opor-

116 748 186 794 tuisse
196 764 280 811 parere.
304 748 370 807 Quid
380 749 399 795 si
411 747 447 804 Μ.
463 749 551 795 Brutus
567 747 741 793 intercessurum
756 761 781 793 se

117 811 177 858 dixit
187 813 272 874 polsm',
284 813 328 859 nisi
339 811 395 875 quid
403 812 544 874 interipsum
550 811 687 874 Alphenum
695 817 718 855 et
725 809 782 856 Nae.
810 865 812 868 Ι

115 875 181 922 vium
191 877 337 924 conveniret?
355 874 481 923 Videtume
497 873 646 922 intercessisse
659 873 782 936 appellatio

117 939 270 997 tribunorum,
282 955 328 987 non
338 955 417 995 morae,
429 939 468 986 sed
474 938 554 985 auxilii
565 937 653 986 causi?

149 1003 221 1049 XXI.
239 1003 304 1062 Quid
314 1002 395 1050 deinde
410 1003 454 1050 fit?
475 1003 606 1065 Alphenus,
619 1010 645 1049 ut
658 1017 736 1050 omnes
746 1001 783 1050 in-
816 1055 819 1062 ,

117 1067 219 1130 telligere
228 1076 327 1130 possent,
343 1067 429 1128 judicio
443 1066 534 1114 defendi
548 1066 681 1125 Quintium,
692 1082 722 1114 ne
737 1083 790 1131 que,

119 1133 209 1178 subesse
218 1141 293 1194 posset
301 1132 375 1180 alieno
384 1140 425 1179 sut
435 1132 506 1194 ipsius
519 1131 600 1190 officio,
612 1139 652 1178 aut
662 1132 733 1191 hujus
744 1147 784 1180 ex-

119 1195 255 1244 istimatione
266 1197 371 1260 suspicio,
383 1196 441 1244 viros
452 1198 523 1243 bonos
533 1196 660 1258 complures
671 1195 782 1243 advocate

120 1265 222 1319 testetur,
233 1261 277 1309 isto
286 1263 401 1322 audiente,
413 1277 436 1309 se
443 1276 485 1324 pro
494 1260 610 1308 communi
621 1260 785 1308 necessitudine

119 1323 144 1370 id
154 1325 256 1387 primum
267 1336 350 1388 petere,
362 1341 391 1373 ne
401 1325 458 1388 quid
467 1325 563 1372 atrocius
577 1324 602 1370 in
619 1324 647 1371 P.
658 1321 785 1382 Quintium

120 1389 237 1435 absentem
248 1389 296 1436 u‘ne
307 1389 375 1436 causi.
389 1389 462 1436 fucere
479 1397 585 1436 coneturr
603 1388 638 1435 sin
655 1396 733 1435 eutem
749 1388 786 1435 in-

120 1450 250 1499 imicissime
264 1461 334 1515 etque
350 1451 494 1500 infestissime
508 1451 641 1500 contendere
650 1461 786 1515 perseveret,

121 1530 146 1562 se
156 1523 262 1577 paratum
273 1532 319 1564 esse
327 1517 391 1563 omni
402 1516 462 1564 recti
472 1525 540 1580 utque
550 1517 645 1564 honestis
652 1517 739 1564 ratione
747 1516 787 1564 de-

122 1578 222 1637 fendere,
242 1580 304 1643 quod
322 1588 393 1643 petat,
413 1595 459 1626 non
475 1579 565 1628 deberi:
583 1597 607 1628 se
621 1581 735 1642 judicium
753 1580 786 1641 id,

120 1643 184 1706 quod
194 1643 254 1701 edat,
266 1644 372 1706 sccipere.
388 1644 487 1705 Ejusrei
502 1645 681 1709 conditionisque
693 1645 788 1704 tabellas

121 1707 297 1770 obsignaverunt
308 1708 351 1756 viri
361 1709 416 1756 boni
426 1709 559 1772 complures.
583 1710 631 1756 Res
647 1709 671 1756 in
688 1708 788 1757 dubium

121 1771 197 1819 venire
205 1787 252 1819 non
262 1781 343 1835 potest
360 1773 407 1833 Fit,
418 1775 484 1820 rebus
490 1773 597 1821 omnibus
603 1773 706 1836 integris,
712 1789 788 1837 neque

121 1836 251 1899 proscriptis
261 1852 335 1900 neque
350 1837 455 1900 possessis
464 1838 538 1894 bonis,
555 1849 581 1885 ut
597 1837 720 1900 Alphenus
733 1853 787 1913 pro·

121 1899 198 1948 mittut
210 1901 292 1948 Nerio
303 1900 351 1949 sisti
357 1901 488 1960 Quintium.
506 1901 577 1948 Venit
588 1901 617 1948 sd
628 1901 787 1950 vadimomum

121 1963 239 2023 Quintius.
257 1965 324 2014 Jecet
334 1981 369 2013 res
379 1967 404 2013 in
415 1965 576 2023 controversiis,
588 1965 632 2012 isto
643 1965 787 2016 columnian-

119 2035 151 2086 te,
167 2027 293 2088 biennium,
309 2046 382 2094 usque
400 2030 457 2078 dum
471 2030 618 2088 inveniretur,
634 2030 681 2092 qui
698 2031 785 2078 ratione

119 2107 155 2140 res
165 2096 196 2141 eb
203 2095 287 2143 noted
295 2095 457 2144 consuetudine
463 2093 582 2153 recederet,
589 2103 613 2142 et
622 2094 648 2141 in
654 2094 697 2142 hoc
705 2094 785 2158 singu-

119 2156 167 2204 lare
176 2157 289 2217 Judicium
300 2175 367 2208 causa
377 2159 451 2206 onmis
462 2157 638 2206 concluderetur.

153 2220 225 2279 Quod
238 2221 347 2281 officium,
364 2223 391 2271 G.
405 2222 504 2284 Aquini,
516 2223 689 2271 commemorari
702 2238 784 2286 procu·¹
859 2271 861 2276 .

119 2284 201 2331 sotoris
214 2295 296 2348 potest,
307 2287 369 2350 quod
379 2289 408 2334 sb
421 2287 530 2350 Alpheno
540 2287 681 2349 praeteritum
692 2303 739 2336 esse
750 2287 784 2335 vi·

119 2345 219 2396 deutur?
236 2349 300 2408 Quid
319 2350 419 2408 effertur,
437 2366 508 2413 quere
527 2351 555 2397 P.
575 2350 687 2409 Quintius
704 2354 786 2400 absens

120 2420 215 2484 negetur
231 2429 278 2460 esse
293 2413 417 2462 defensus?
434 2415 475 2462 An'
491 2430 544 2462 vero
558 2414 592 2474 id,
604 2415 666 2477 quod
683 2415 786 2464 Horten-

120 2477 787 2598 tinctitiisinstitituit*i

121 2604 266 2653 sennonem
281 2621 335 2653 cum
348 2605 383 2654 Al
398 2576 470 2666 heno:
476 2607 517 2654 illo
532 2615 641 2720 wippam,
653 2606 698 2653 illis
706 2559 786 2656 diridi-

119 2663 354 2730 neutibusiQuodsi
398 2671 403 2682 '
437 2669 569 2746 contium*
589 2669 786 2736 ud,⁰pinor,oon·
883 2720 885 2726 .
