1824 2968
84 129 115 202 n
223 136 292 186 nno
308 131 507 197 roummo.
520 133 618 184 orso.

87 265 206 323 cumbunt,
217 266 258 340 qui
267 265 360 313 aderam
367 272 419 312 tum
427 264 532 324 Quintio.
549 262 751 319 Dernonstrabsnt,

87 325 116 373 de
126 343 152 375 re
159 329 273 389 judicium
280 329 330 377 fieri
339 338 449 392 oportere,
460 337 488 376 ut
495 336 536 376 aut
545 335 641 388 uterque
651 325 711 372 inter
717 339 749 382 se,

87 399 129 437 aut
145 402 233 452 neuter,
250 393 382 440 satisdaratz
400 408 446 440 non
462 405 550 440 necesse
563 406 611 438 esse
621 389 708 436 fernam
718 389 753 435 el-

87 456 157 504 teriur
167 457 193 504 in
201 457 314 516 judicium
320 457 403 505 venire.
421 457 541 504 Clamabat
547 469 614 518 porro
619 453 668 516 ipse
676 453 753 512 Quin-

87 519 143 579 tius,
154 537 201 569 sese
208 521 291 569 idcirco
301 522 362 569 nolle
372 521 487 580 satisdare,
499 535 528 568 ne
534 519 646 567 videretur
653 517 754 578 judicis·

90 599 123 643 se,
141 587 201 634 bona
222 601 264 632 sua
279 601 308 632 ex
324 585 397 633 edicto
412 600 512 649 possessa
528 599 590 631 esse:
609 582 753 645 sponsionem

89 663 157 710 porro
167 649 187 696 si
197 649 324 696 istiusmodi
333 650 431 707 faceret3
449 666 473 698 se
483 650 518 702 (id
525 647 589 712 quod
596 661 658 694 nunc
669 645 754 704 evenit)

90 712 120 759 de
140 713 213 776 capite
230 729 272 760 suo
289 715 364 777 priore
384 715 434 762 loco
452 729 544 762 causam
564 728 612 760 esse
629 711 753 758 dicturum.

89 775 212 823 D⁰l¹bell⁸
222 779 428 840 (quemadmodum
444 781 516 826 solent
532 777 635 826 homines
651 775 753 832 nobiles3

91 855 131 887 seu
141 849 201 888 recte
211 857 251 889 seu
265 858 385 907 perperam
399 844 471 890 fecere
481 851 604 906 coeperunt,
613 841 646 888 ita
656 841 681 887 in
692 847 755 886 utro-

91 919 137 967 que
158 905 284 967 excellunt,¹
303 915 331 954 ut
345 921 413 954 nemo
428 915 505 953 nostro
519 908 569 953 loeo
585 915 652 953 natus
668 903 757 968 msequi

91 969 171 1031 possit)
187 969 296 1031 injuriam
314 970 387 1018 fecere
408 971 528 1018 fortissime
545 978 688 1032 perseverat:
714 977 756 1016 eut
848 989 850 995 ’

92 1033 207 1094 satisdare,
227 1042 268 1087 aut
285 1035 428 1098 sponsionem
442 1035 508 1094 jubet
523 1033 610 1088 fucere3
634 1041 657 1080 et
672 1034 758 1082 interes

91 1107 219 1147 recusantes
229 1107 317 1147 nostros
327 1099 444 1146 advocatos
455 1097 562 1145 acerrime
572 1098 708 1144 submoveri.

125 1161 171 1210 lx.
189 1164 344 1212 Conturbatur
360 1179 413 1212 sene
429 1162 524 1210 discedit
538 1160 665 1221 Quintium
682 1175 758 1224 neque

93 1227 188 1287 mirum,
199 1229 237 1278 cui
246 1230 297 1278 haec
307 1229 369 1294 optio
379 1238 427 1277 tam
437 1228 519 1274 misere
529 1236 623 1289 temque
630 1224 710 1288 iniqua
717 1223 758 1271 de-

93 1300 164 1352 retur,
176 1303 203 1342 ut
212 1305 253 1342 aut
260 1295 309 1357 ipse
316 1294 425 1357 secapitis
431 1293 557 1350 damnaret,
565 1291 584 1339 si
592 1289 757 1344 satisdedisset3

95 1365 137 1403 sut
146 1372 238 1404 causam
253 1360 341 1420 capitis,
353 1360 372 1406 si
382 1358 525 1420 sponsionem
536 1357 632 1415 fecisset,
639 1354 714 1418 priore
723 1354 758 1401 lo·

95 1434 122 1466 eo
130 1420 220 1468 diceret.
238 1421 308 1479 Cum,
317 1423 340 1468 in
348 1420 417 1469 elteri
427 1438 460 1480 re,
472 1437 545 1469 causae
555 1421 614 1468 nihil
624 1428 689 1480 esset,
701 1418 758 1494 quin

96 1499 159 1532 secus
168 1485 280 1546 judicaret
294 1487 343 1549 ipse
358 1486 387 1533 de
403 1501 426 1533 se
437 1486 509 1548 (quod
522 1485 636 1547 judicium
652 1483 758 1547 mnesi-

95 1563 162 1612 murn
175 1558 234 1607 ειυς
251 1549 276 1596 in
287 1551 358 1597 alteri
368 1565 418 1626 spes
428 1559 485 1598 esset
500 1550 530 1597 ad
545 1551 615 1597 telem
631 1557 707 1596 tamen
724 1548 759 1596 vi-

96 1628 149 1662 rum
163 1614 264 1689 judicem
280 1614 393 1689 veniendi,
404 1614 466 1689 qnde
476 1629 503 1662 eo
518 1615 571 1690 plus
586 1615 636 1676 opis
651 1613 758 1672 auferret,

96 1679 616 1808 ttt‘tttdtitttftnntffzttt
624 1678 763 1805 ,stitit

97 1809 151 1870 egit.
169 1808 248 1856 Inhoc
256 1823 346 1856 summa
354 1808 443 1869 judicii,
452 1824 564 1872 causaque
574 1817 630 1867 tota,
641 1807 749 1856 consistit.

129 1873 250 1920 Judioiurn
263 1889 318 1932 esse,
333 1874 361 1922 c·
373 1873 473 1938 Aquini,
490 1889 537 1922 uon
548 1873 577 1920 de
586 1889 611 1920 re
621 1871 760 1936 pecuniarii,

96 1937 137 1984 sed
147 1936 175 1984 de
185 1937 249 1984 fami
259 1939 400 2002 fortunisque
408 1939 436 1986 P.
445 1939 545 1999 Quinti,
557 1938 626 1986 vides.
643 1937 762 1984 Cumina-

95 2003 156 2063 Jores
168 2001 201 2049 its
215 2003 380 2063 wustituerint,
391 2012 418 2051 ut
433 2005 474 2068 qui
489 2021 532 2067 pro
546 2004 620 2068 capite
633 2003 725 2061 diemet,
742 2001 762 2050 it

97 2067 219 2129 posteriore
234 2069 284 2118 loco
304 2070 402 2128 dicem
419 2085 469 2129 nos,
485 2069 590 2117 inauditi
604 2067 762 2116 criminatione

97 2141 263 2193 accusatorum,
278 2135 352 2197 priore
368 2135 417 2183 loco
434 2149 526 2182 causam
543 2134 617 2182 dicere
634 2131 760 2194 intelligis·

98 2211 136 2243 eos
146 2212 221 2260 porro,
232 2199 274 2261 qui
284 2199 403 2247 defendere
413 2201 558 2257 consuerunt,
570 2197 632 2246 vides
642 2209 761 2252 accusem

97 2270 122 2310 et
131 2278 159 2310 es
167 2264 259 2326 ingenis
275 2265 374 2312 converti
384 2265 413 2312 ad
423 2265 554 2328 perniciem,
581 2279 619 2310 uae
628 2271 695 2311 antea
710 2271 761 2307 ver-

97 2329 206 2374 sabuntur
213 2327 238 2374 in
249 2329 321 2376 salute
331 2337 400 2393 atque
410 2331 496 2378 auxilio
502 2279 601 2378 ferendo.
618 2327 683 2374 lllud
691 2323 763 2373 etim

97 2392 216 2450 restiterat,
236 2393 299 2456 quod
312 2393 416 2442 hesterno
431 2395 468 2443 die
483 2394 593 2450 fecerum,
604 2399 631 2438 ut
647 2399 670 2438 ts
685 2389 710 2435 in
724 2401 763 2446 Jut

96 2455 243 2516 adducerent,
254 2466 281 2505 ut
296 2460 362 2508 nobis
377 2467 475 2523 tempus,
486 2474 558 2524 quarn
572 2457 613 2504 diu
626 2454 761 2532 doenum,

95 2528 263 2589 praetimere„
281 2544 352 2594 quarn
365 2543 414 2580 rem
428 2527 494 2577 facile
507 2544 522 2575 a
534 2531 630 2590 pretore
640 2520 761 2582 impetret·

94 2613 153 2666 sent,
164 2604 208 2653 nisi
219 2613 253 2663 tu,
265 2602 327 2666 quod
337 2607 395 2650 esset
405 2606 472 2646 tuum
481 2595 520 2655 jus
531 2602 553 2641 et
561 2587 662 2638 officium
674 2587 761 2654 pertet-

94 2685 148 2734 que‚
160 2672 279 2722 docuisses.
297 2669 381 2733 Neque
391 2661 456 2712 nobis
467 2659 551 2717 mnus
561 2661 645 2720 ime*
654 2657 689 2708 ‘⁸³'
697 2659 761 2708 qm*
