1820 2958
229 178 269 229 IN
287 179 436 230 VERREM
454 180 506 230 111,
520 180 586 229 Gur.
597 183 639 228 21.
718 183 767 232 83³

102 305 255 370 rdiquenrntr
273 324 334 358 unus
343 310 432 374 legetur
443 310 471 358 Ρ.
483 309 581 369 Tadius,
596 309 638 374 qui
652 318 701 358 erat
714 311 769 358 reli·

103 385 170 436 quus,
186 386 232 421 non
249 373 282 422 its
298 375 400 426 multum
417 384 493 422 tecum
510 374 570 422 fuit:
587 374 629 439 qui
646 374 666 422 si
680 390 770 437 semper

101 433 148 482 uni
154 434 243 495 firieset,
254 445 332 486 tumen
343 439 435 488 summi
445 439 499 488 ouri
510 447 560 486 tum
569 448 624 498 ture,
635 448 687 486 turn
694 439 770 486 multo

101 499 168 547 etism
181 502 257 564 magis
267 518 323 562 sun,
334 502 405 552 femae,
412 503 553 567 pepercisset.
577 503 642 563 Quid
653 513 695 560 est,
707 503 769 566 quod

101 571 126 612 ω
134 565 190 613 elios
197 570 306 615 eoeuses?
317 567 375 631 quid
383 577 426 626 est,
435 570 585 632 quamobrem
593 577 661 631 putes
671 577 694 616 te
704 575 769 614 tuem
791 623 796 633 Ι

101 629 192 692 culpem
203 644 250 677 non
261 631 330 679 modo
341 632 442 680 derivare
452 632 477 682 in
488 632 598 696 aliquem,
614 631 654 680 sed
665 647 770 679 oommu-

101 692 175 741 ninere
185 709 240 742 oum
250 695 331 753 altero,
342 698 426 759 posse?
450 697 609 744 Numerantur
620 695 660 744 illu
672 695 714 743 HS
726 696 770 744 du·

101 766 166 826 oente
172 759 342 822 quinquaginta
352 761 506 824 Syracusanis.
523 761 561 808 Ee
571 760 768 824 quemadmodum

100 821 130 868 sd
139 822 210 870 istum
225 833 304 886 poster
317 840 358 887 per
372 823 553 888 pseudothyrum
568 833 718 883 revertentur,
734 833 770 872 te·

99 885 159 934 bulis
169 885 235 935 vobis
245 896 268 935 et
278 889 382 946 testibus,
391 889 488 950 judices,
499 889 596 953 pinnum
606 889 697 936 faciem.

132 951 204 999 xxi.
222 952 262 999 Ex
272 951 316 1000 hec
326 953 446 1016 iniquitute
456 953 521 1001 istius
533 962 555 1001 et
565 953 720 1017 improbitate,
730 954 770 1015 ju·

101 1013 168 1073 dices,
180 1016 244 1080 quod
254 1016 332 1079 preda
347 1033 376 1066 ex
388 1017 434 1066 illie
451 1018 517 1066 bonis
531 1017 561 1064 ad
575 1017 661 1065 multos
671 1019 771 1080 Syracu·

100 1088 173 1191 ‘tn
182 1080 770 1208 33ᾃῇὠῆῗέῃὲῒὲῒὲᾝέοῇωὲ

513 1179 520 1204 2
723 1180 732 1204 Ὶ

100 1205 296 1272 Dionysodorum,
311 1219 335 1257 et
346 1209 503 1269 Cleomenem,
520 1208 656 1257 invitissimi
670 1209 768 1270 civitate,

99 1270 158 1320 laets
167 1281 231 1331 sunt,
246 1274 349 1336 primum
360 1282 387 1322 ut
397 1275 452 1322 urbs
463 1282 511 1322 tote
520 1273 655 1337 spoliaretur
670 1274 728 1336 (quir
741 1273 770 1322 de
813 1326 819 1336 ,

99 1349 131 1394 re,
142 1338 202 1385 elius
212 1337 271 1385 mihi
281 1338 344 1387 loeus
354 1339 385 1386 ed
395 1335 518 1386 dicendum
529 1338 730 1396 ostoonstitums);
743 1347 770 1386 nt

99 1402 176 1449 omnir
193 1401 259 1464 signa
273 1402 373 1478 intenper
389 1418 427 1450 eos
441 1403 553 1463 homines,
569 1418 627 1466 quos
642 1401 769 1464 nominavi,
848 1395 861 1414 ‘

99 1476 166 1513 omne
177 1469 235 1516 ebur
246 1482 275 1514 ex
285 1465 373 1515 aedrbus
383 1468 459 1526 sectis,
475 1483 554 1516 omnes
564 1467 668 1532 undiqne
678 1467 769 1516 tabulae

116 1529 177 1590 'item
189 1530 295 1578 Deorum
305 1531 404 1595 denique
419 1531 548 1590 simulacre,
564 1548 617 1596 quer
632 1531 708 1591 vellet,
727 1547 769 1586 nu,

108 1604 180 1650 errets
198 1595 281 1644 deinde
297 1603 330 1642 ut·
341 1596 366 1644 in
383 1597 447 1644 curii
463 1596 589 1660 Syrsouris,
605 1612 676 1662 quem
690 1596 768 1644 locum

98 1655 132 1705 illi
143 1661 406 1716 Bulentcrinmvocent,
421 1661 579 1708 honestissimo
592 1661 651 1718 looo,
667 1669 690 1708 et
705 1660 768 1724 opud

99 1718 150 1770 illos
166 1721 300 1781 durissimo,
318 1725 360 1772 ubi
376 1724 438 1772 illius
455 1725 526 1788 ipsius
540 1725 577 1772 M.
590 1723 698 1772 Marcelli
717 1723 769 1798 (qui

100 1799 152 1834 eum
163 1787 312 1852 synemmenis
324 1788 412 1848 locum,
429 1805 498 1852 quem
515 1789 601 1851 eripere
616 1789 671 1836 belli
684 1803 710 1834 ac
721 1803 768 1834 vro-

98 1850 161 1898 loriae
176 1853 227 1914 lege
240 1861 325 1914 posset,
341 1853 481 1900 conservavit
496 1862 518 1900 et
532 1849 641 1909 reddidit)
652 1860 728 1898 stetur
738 1867 767 1900 ex

99 1927 142 1962 rere
158 1916 234 1972 factes
251 1915 285 1964 ibi
301 1917 429 1965 inauratam
444 1917 490 1974 isti,
506 1925 529 1964 et
543 1917 638 1964 alteram
653 1915 709 1974 filio,
721 1923 767 1962 sta-

98 1985 162 2045 tuum
178 1979 310 2044 posuerint3
328 1990 364 2039 ut,
383 1982 440 2029 dum
457 1980 523 2028 istius
539 1979 639 2027 hominis
656 1979 768 2028 memorie

98 2053 208 2105 mereret,
226 2054 317 2092 senatus
327 2047 491 2108 Syracusanus,
507 2045 555 2092 sine
569 2043 676 2106 lacrymis
691 2051 713 2091 et
728 2059 767 2106 ge-

99 2107 166 2167 mitu,
177 2108 202 2155 in
214 2109 278 2156 curii.
287 2125 335 2157 esse
345 2125 392 2158 non
403 2118 486 2173 posset

132 2171 177 2220 Per
184 2173 275 2221 eosdem
286 2173 351 2222 istius
361 2174 507 2234 injuriarum,
519 2173 643 2232 furtorum,
655 2186 767 2219 uxorum-

115 2251 144 2284 ue
161 2237 240 2294 sodor,
258 2237 323 2286 istius
338 2238 434 2302 imperio
449 2236 566 2301 Syracusis
583 2236 709 2284 Marcellos
723 2236 767 2284 tol-

277 2381 332 2414 oum
348 2382 413 2414 reoen
448 2383 477 2414 us
519 2381 534 2412 n
565 2381 604 2413 ens
640 2399 646 2412 .
715 2381 740 2412 oe

99 2422 201 2477 debitum
223 2431 355 2490 reddebant„
375 2439 426 2478 tum
448 2430 535 2494 generi,
556 2430 653 2490 nomini,
672 2429 767 2476 familiis

99 2489 272 2554 Meroellorum‚
282 2495 387 2544 maximis
394 2496 510 2544 voluntate
517 2493 653 2542 tribuebant.
671 2493 767 2540 Mithri-

99 2555 161 2605 dates
171 2558 195 2606 in
206 2559 274 2620 Asia,
286 2575 340 2607 eum
350 2576 402 2608 erm
433 2558 557 2607 rovinoiam
572 2567 644 2606 totam
658 2557 767 2620 oncupis-

100 2630 140 2679 set,
152 2622 233 2672 Mucio
243 2638 290 2672 non
300 2625 399 2673 sustulit
444 2623 507 2684 ostis,
523 2631 545 2670 et
560 2622 631 2671 hostis
641 2623 666 2670 in
681 2620 767 2670 oaeteris

100 2686 166 2756 rebus
180 2688 249 2738 nimis
263 2688 325 2737 ferus
339 2697 363 2738 et
376 2687 494 2748 immunis,
509 2695 587 2799 teman
600 2687 710 2736 honorem
725 2684 769 2732 ho·

524 2763 542 2798 x
