1820 2958
133 163 182 214 2⁴4
263 163 302 213 IN
320 162 468 214 VERREM
486 163 536 212 111.
553 163 617 212 Can.
633 163 673 210 33.

132 307 196 356 pare,
212 291 285 356 pretio
298 293 383 342 habere
399 291 515 341 addirtnm
529 290 599 340 fidu
613 299 636 338 et
652 289 819 354 religionem·

134 366 223 420 quanto
232 357 293 405 illud
302 357 444 421 flagitiosius,
455 356 591 421 improbius,
602 355 728 430 indignius,
740 370 806 412 eum,

133 436 206 532 {Ill
216 421 553 549 ffldiffllilffi
564 435 684 546 {iffi
693 419 809 530 iffi?

133 549 399 598 nendioonsuetudinem
406 549 557 597 conservaret!
575 549 655 596 Scelus
663 557 697 596 est
703 547 807 609 accipere

137 614 233 661 abrao:
251 603 464 677 quantomagiaab
478 613 621 661 amusatore!
639 621 726 676 quanto
737 611 816 659 etiam'

139 676 267 726 sceleratius
278 679 307 724 ab
318 678 432 742 utroque!
450 677 532 725 Fidem
541 692 594 725 oum
604 677 759 751 propomsses
769 690 810 723 ve·

137 741 214 788 nalem
224 741 249 788 in
259 741 382 804 provincii,
394 742 466 789 valuit
477 741 539 804 apud
549 747 573 788 ta
583 741 636 804 plus
646 757 675 799 is,
686 741 728 803 qui
738 755 809 802 peon-

137 803 201 852 niem
213 806 322 867 maJorem
333 805 403 852 dedit.
420 805 542 853 Concedo:
559 805 653 852 forsitan
670 804 754 867 aliquis
765 805 808 850 ali·

137 868 231 930 quando
242 869 355 930 ejuanodi
364 869 483 934 quidpiam
498 869 583 916 fecerit.
600 869 661 916 Cum
672 883 727 916 vero
736 867 809 915 fidem

138 947 165 980 ae
176 933 309 996 religionem
319 941 384 980 tuam
397 935 447 995 jam
457 934 523 981 alteri
537 933 652 982 addictam
662 931 759 995 pecuniri
771 947 810 979 ac-

138 997 205 1059 cepti
222 997 336 1054 habueris,
352 1008 404 1060 post
421 997 526 1045 eamdem
544 996 672 1044 adversafio
688 996 810 1043 tradideris

137 1061 226 1122 majore
241 1062 355 1124 pecuniae
375 1071 500 1124 utrumque
521 1060 605 1109 falles?
629 1070 653 1108 at
671 1059 747 1108 uades
769 1059 810 1107 cui

137 1126 217 1240 getae}
234 1134 257 1174 et
271 1126 301 1186 ei,
318 1141 387 1191 quem
401 1125 518 1184 fefelleris,
533 1140 563 1172 ne
580 1124 702 1189 pecuniam
712 1124 811 1188 quidem

169 1255 466 1314 QuemmihituBulbum,
473 1269 545 1318 quem
553 1254 682 1312 Stalenum,
691 1253 756 1317 quod
763 1267 818 1300 un..

138 1335 210 1382 quam
218 1319 352 1380 hujusmodi
358 1327 485 1367 monstrum
492 1327 533 1368 aut
539 1319 671 1382 prodigium
677 1317 810 1366 audivimus

136 1391 177 1432 aut
188 1383 297 1443 vidimus,
308 1384 349 1446 qui
357 1398 413 1432 cum
424 1398 462 1432 reo
469 1383 587 1445 transigat,
596 1391 708 1444 postcom
716 1397 810 1431 acaum·

136 1453 184 1493 tore
195 1447 302 1494 decidat?
318 1447 424 1494 honestos
433 1446 546 1504 homiues,
563 1445 604 1509 qui
617 1461 710 1494 causam
720 1446 819 1510 mirinag

136 1510 234 1570 ableget,
245 1526 261 1557 a
270 1511 410 1573 consilioque
419 1511 539 1559 dimittat?
555 1509 606 1574 ipse
617 1510 679 1558 aolus
689 1524 755 1558 reum
767 1512 809 1558 ab·

136 1573 247 1632 solutum,
258 1589 272 1620 a
282 1589 328 1636 quo
342 1574 464 1637 pecuniam
477 1575 595 1638 acceperit,
611 1574 757 1634 condemnet,
768 1590 819 1638 pe..

138 1765 212 1826 judex
223 1767 353 1816 obtinebit?
370 1767 408 1815 hic
416 1767 524 1830 decapite
530 1768 602 1814 libero
610 1766 743 1828 judicabit?
755 1767 816 1820 huic.

139 1829 254 1892 judicialis
265 1831 349 1880 tabella
358 1832 532 1880 committetur?
549 1846 620 1894 quam
629 1831 672 1878 iste
682 1846 729 1880 non
740 1831 810 1891 modo

140 1893 199 1953 ceri,
211 1911 291 1947 verum
302 1897 370 1947 etiam
379 1896 498 1970 sangnine,
506 1895 526 1942 ai
534 1895 609 1942 visum
616 1895 667 1955 erit,
679 1897 777 1944 notabit.

173 1960 299 2009 XXXIII.
316 1960 381 2020 Quid
391 1975 453 2008 enun
464 1959 548 2006 horum
559 1975 582 2006 se
593 1968 662 2022 neget
672 1959 771 2008 fecisse?
781 1961 811 2008 il·
889 1991 890 1996 =

139 2024 182 2086 lud
190 2025 294 2074 videlicet
303 2039 386 2084 unum,
394 2024 457 2092 quod
468 2038 558 2071 necesse
565 2033 606 2082 est,
618 2023 741 2086 pectinum
748 2041 813 2073 acce·

140 2089 206 2152 pisse
224 2089 313 2148 Quidni
328 2088 371 2140 iste
387 2090 473 2150 neget?
490 2088 609 2150 Araque
620 2087 752 2148 Romanus,
770 2091 811 2154 qui

141 2155 265 2216 Sopatrum
275 2152 435 2216 defenditqui
445 2152 553 2202 omnibus
561 2153 611 2212 eJ'us
621 2153 721 2200 consiliis
731 2157 813 2202 rebus·
887 2159 888 2212 I

156 2233 186 2264 ue
202 2217 313 2276 intersint,
330 2217 362 2275 Q.
379 2215 507 2275 Minucius,
521 2217 611 2276 juratus
622 2215 677 2263 dicit
687 2219 810 2280 penuriam

140 2233 233 2328 datam:
249 2281 339 2340 juratus
349 2281 403 2328 dicit
414 2280 587 2328 Timarchidem
595 2280 688 2339 dixisse,
698 2283 809 2343 majorem
886 2277 887 2319 l

142 2345 171 2394 ab
182 2344 347 2390 accusatoribus
362 2345 483 2406 pecuniam
497 2343 554 2390 dari.
578 2343 663 2392 Dicent
676 2345 721 2393 hoc
738 2347 810 2395 Simli
885 2373 886 2425 l

140 2420 233 2453 onmem
250 2405 327 2452 dicent
336 2421 415 2454 omnes
425 2408 589 2471 Halicyenses:
601 2408 660 2456 dicet
671 2409 742 2459 etiam
753 2427 811 2474 pra·

139 2475 239 2514 textatur
254 2469 343 2530 Sopatri
352 2470 421 2530 filius,
432 2471 482 2534 qui,
496 2473 526 2517 ab
540 2471 583 2518 isto
596 2472 690 2520 homine
701 2475 811 2523 crudelis·

139 2531 206 2642 abpo,
213 2538 278 2592 patre
288 2531 470 2582 innocentissimo
480 2535 623 2599 penrnilque
629 2537 704 2599 patriti
708 2539 811 2612 privabis

140 2607 557 2723 &vauterannus
570 2647 818 2728 panumaeemnon'

884 2447 885 2531 l

881 2549 884 2637 l

876 2861 881 2929 r
