1824 2968
122 126 152 174 ιο
251 129 319 180 eso
336 131 363 179 n.
375 129 534 192 Quunmo.
552 130 616 209 css.
631 131 668 178 lt.

122 263 279 306 verumtamen
289 267 366 322 petott
383 259 510 308 sufflamus
527 257 783 307 Dsrsdomtusetoon·

120 322 232 370 novensis
246 323 355 371 meientis
366 323 416 371 vult
431 324 562 384 dijudiceris
579 338 637 381 sero,
646 336 726 370 verum
740 320 783 368 eli

120 385 214 448 quondo
223 395 316 434 tament
334 388 490 436 concedemus.
514 387 579 446 Non,
593 387 677 450 inquit,
688 385 713 432 id
729 400 783 447 ego,

120 449 148 496 0.
160 449 260 513 Aquilli,
271 451 379 514 usquein
394 468 421 499 eo
435 467 497 500 nunc
506 452 592 500 laboro.
615 450 717 498 Pecunils
730 449 784 496 mei

121 521 154 560 tot
164 527 235 562 annos
245 515 318 562 utimr
328 516 356 562 P.
368 515 495 574 Quintius:
513 524 591 563 utetur
599 529 667 563 sene:
685 529 731 561 non
741 528 788 575 pes

121 585 151 624 to.
169 577 234 636 Quid
244 579 314 642 igitur
329 583 436 643 pugnas?
453 595 491 641 sn,
510 580 572 644 quod
588 595 647 642 steps
663 577 743 626 multis
757 576 784 624 in

120 641 176 688 loeis
194 643 280 703 dixisti,
299 659 329 691 ne
345 645 370 691 in
388 645 478 692 civitate
494 645 542 692 sit?
558 658 588 691 ne
607 643 684 690 locum
703 655 781 700 mum,

119 719 189 767 quem
197 707 272 755 adhuc
281 708 437 756 honestissime
447 708 557 768 defendit,
563 706 682 756 obtineat?
698 719 728 752 ne
738 720 784 780 nu·

120 778 221 817 meretur
230 771 289 818 mter
299 772 381 820 vivos?
398 773 502 820 decernet
512 773 542 820 de
551 772 599 820 vitis
609 779 632 818 et
643 778 783 818 ornamentis

119 833 166 880 suis
176 835 301 884 omnibus?
317 837 380 901 spud
388 837 489 896 judicem
500 851 591 884 causum
602 835 676 898 priore
685 834 735 881 looo
745 833 782 879 di-

119 904 170 944 ost:
188 905 218 957 st,
235 913 285 945 esm
301 915 355 946 cum
369 901 446 958 oririt,
458 909 509 947 tum
519 900 617 963 denique
627 913 705 946 vocem
716 911 782 944 scos-

119 961 199 1007 sstoris
212 962 309 1011 audiet?
329 964 413 1022 Quid?
429 964 472 1010 hoo
498 979 528 1011 uo
538 963 652 1026 pertinet?
669 971 695 1010 ut
710 975 781 1024 ocyus

119 1023 149 1070 sd
159 1033 226 1071 mum
237 1027 372 1088 pervenies?
388 1029 432 1087 At,
443 1028 462 1075 si
474 980 500 1074 ill
510 1028 587 1086 velles,
596 1026 734 1089 jampridem
744 1039 783 1072 eo-

118 1095 170 1136 tum
180 1105 227 1138 sese
237 1100 332 1154 poteret.
355 1093 389 1140 Ut
403 1093 528 1140 honestiore
536 1091 622 1152 judicio
633 1090 780 1138 conflictere?

118 1152 154 1200 As
169 1153 217 1201 sine
233 1170 324 1204 summo
340 1156 465 1205 scelereP.
481 1156 613 1216 Quintium,
624 1154 782 1218 propinquum

118 1229 194 1276 tuum,
203 1221 309 1282 jugulare
317 1235 363 1268 non
374 1230 444 1284 potes.
462 1222 497 1270 Ut
506 1220 595 1268 facilius
603 1219 716 1282 judicium
732 1217 782 1265 site

117 1281 237 1345 sitneque
246 1284 273 1331 C.
284 1285 404 1348 Aquillius
413 1286 443 1333 de
453 1286 527 1349 cupite
535 1284 627 1332 ulterius
637 1283 734 1331 libenter
741 1282 781 1342 ju·

118 1344 186 1404 (licat,
198 1355 221 1392 et
235 1345 266 1404 Q.
276 1348 412 1396 Hortensius
422 1358 500 1396 contre
510 1357 580 1411 ceput
589 1362 635 1396 non
651 1347 731 1396 didicit
744 1345 781 1392 di-

117 1421 173 1454 cere.
199 1409 264 1468 Quid
281 1426 295 1458 s
313 1413 378 1459 nobis
396 1421 483 1471 sutem,
501 1413 528 1465 (l
547 1412 648 1476 Aquilli,
666 1409 780 1459 sciemur?

118 1469 242 1519 Pecuniam
253 1474 324 1538 petits
341 1489 451 1537 negemus
458 1476 540 1524 deberi.
557 1477 678 1524 Judicium
686 1474 780 1522 fiststs-

114 1534 174 1582 tim:
191 1551 237 1584 non
249 1539 386 1586 recusemus.
403 1540 527 1604 Numquid
536 1543 663 1604 penteres?
680 1539 706 1586 Si
716 1552 779 1585 vese-

116 1605 163 1658 tur,
175 1607 255 1658 utres,
264 1603 350 1662 judicio
358 1603 425 1663 fecto,
437 1613 517 1666 persto
524 1605 570 1660 sits
585 1603 714 1664 judicatum
721 1601 780 1649 solvi

116 1664 171 1710 setis
179 1663 280 1728 accipiet.
304 1666 397 1725 Quibus
407 1683 421 1714 e
431 1681 469 1715 me
479 1669 553 1716 verbis
563 1665 616 1716 setis
627 1666 728 1730 accipiet,
739 1665 780 1712 iis-

115 1727 169 1775 dem
184 1729 241 1792 ipse,
253 1729 315 1792 qnod
329 1739 390 1793 peto,
405 1731 504 1779 sotisdet.
531 1732 620 1780 Actum
634 1733 685 1792 jem
703 1737 778 1794 potest

114 1791 311 1856 esseCsAquilli:
321 1795 601 1858 jsmltupotesdisoedere,
610 1796 719 1843 liberatus
725 1809 776 1841 mo-

112 1854 188 1915 lestii,
196 1871 269 1967 prope
279 1857 362 1915 dicem,
368 1873 415 1907 non
424 1860 521 1920 minore,
544 1875 599 1906 uem
609 1859 727 1918 Quintius·

146 1919 196 1978 Qui
227 1921 325 1984 sgimtm,
341 1922 466 1972 Hortensi?
483 1939 499 1987 q
516 1924 522 1934 '
549 1923 578 1970 de
591 1923 635 1971 hoo
646 1922 775 1971 conditione

113 1982 211 2032 dicimus
219 1987 230 2032 l
247 1984 372 2034 Possumus
379 1987 510 2050 sliquundo,
521 1988 628 2051 depositis
638 1985 715 2046 umis,
727 1987 777 2034 sine

114 2047 214 2157 periculo
230 2048 383 2108 fortunarum,
400 2050 429 2098 de
445 2067 470 2098 re
485 2051 617 2115 pecuniarii
632 2051 775 2126 disceptare?

135 2127 239 2161 ossums
249 2113 281 2160 ite
291 2129 340 2160 sem
351 2122 451 2162 nostram
458 2115 571 2179 persequi,
580 2125 607 2164 ut
614 2114 713 2164 hominis
723 2129 777 2176 pto·

111 2174 193 2240 pinqui
208 2185 277 2240 ceput
292 2177 407 2226 incolume
420 2194 468 2226 esse
481 2180 615 2242 potiemur?
648 2179 776 2227 Possumus

113 2239 213 2299 petitoris
219 2255 338 2303 personum
346 2257 433 2306 cepere,
440 2245 573 2291 scmsntoris
580 2243 710 2306 deponere?
726 2243 778 2289 Im-

114 2315 162 2362 mo,
179 2303 262 2366 inquit,
273 2307 314 2352 ebs
330 2315 352 2353 te
367 2306 420 2354 sotis
436 2308 561 2371 compium
583 2323 626 2370 ego
641 2316 719 2356 sutem
733 2305 777 2354 tibi

113 2377 159 2412 non
170 2367 288 2415 setisdebo.
767 2383 770 2390 ⁴

145 2429 217 2479 XIV.
233 2431 293 2490 Quis
303 2433 397 2483 undem
407 2435 473 2484 nobis
482 2435 526 2483 ists
534 2437 587 2497 jure
597 2445 645 2483 tsm
656 2450 722 2497 equs
736 2432 777 2480 de-

111 2493 208 2568 scribit?
223 2496 275 2570 quis
284 2498 328 2546 hoc
338 2499 426 2558 stensit,
441 2499 504 2563 quod
519 2515 612 2562 equum
623 2499 686 2546 sitin
697 2497 775 2556 Quin-

111 2563 181 2616 tium,
192 2557 216 2607 id
226 2560 258 2606 ni
275 2577 333 2610 uum
343 2579 391 2611 esse
406 2563 570 2625 inNsssium?
597 2562 689 2621 Quintii
704 2564 775 2618 bons,

109 2620 232 2685 inquines
271 2625 277 2635 '
329 2623 776 2710 pretorispossessssuntllrgdidut
