1824 2956
253 131 293 182 IN
309 129 457 182 VERREM
473 131 520 182 1v.
536 129 600 181 Cae.
618 131 659 185 di·
738 131 787 187 ³47

120 263 209 310 statuas
218 258 326 310 idoneum
335 257 437 321 judicem
452 266 493 308 aot
505 267 685 322 recuperatorem
695 258 788 306 nullum

121 339 188 390 pom
198 325 299 388 reperiri,
309 325 410 388 postulat
420 339 434 372 a
444 333 476 384 te,
486 323 621 374 utnomam
629 323 724 384 rejicias.

155 389 204 436 Hic
214 389 329 438 enimvero
338 397 365 436 tu
376 389 497 446 exclarnas,
513 387 631 436 hominem
647 387 788 450 improbum,

96 461 98 464 '
121 453 164 518 qui
174 453 281 516 postulet,
292 452 326 500 ibi
335 452 365 500 de
374 451 415 500 tui
425 451 590 500 existimatione
602 451 716 512 judicium
731 450 789 509 fieri,

120 517 164 566 ubi
180 525 203 564 tc
218 516 356 564 invidiosum
367 531 414 564 esee
429 515 548 578 intelliget.
566 517 644 578 Negas
655 524 677 562 te
687 515 789 562 Romam

121 579 540 708 mamilia
545 579 791 692 tinini&

61 733 64 742 =
121 716 195 756 totam
205 708 337 756 relicturum
344 708 408 768 dicit,
415 717 485 756 stem
491 717 592 771 tempore
598 723 646 756 esee
653 707 790 754 rediturum.

121 771 188 832 Quid
202 781 229 821 to
245 771 279 820 ibi
295 775 365 820 tum?
390 771 447 836 quid
462 771 538 820 facis?
554 771 695 820 Scandilium
711 770 788 833 cogier

120 835 198 900 quid?
222 836 366 899 sponsionem
387 844 502 899 acceptam
522 835 614 884 facere?
639 836 803 898 Impudenter·

121 901 190 948 tollas
200 907 354 974 exspectatum
364 900 536 948 existimationis
546 909 593 948 tuae
601 899 729 961 judicium:
741 913 788 946 non

121 963 184 1012 fecis
202 964 267 1022 Quid
277 967 351 1026 ergo?
367 964 472 1027 Apronio
478 965 598 1027 pemittis,
610 973 645 1022 ut,
656 979 714 1027 quos
724 963 788 1022 velit,

121 1028 152 1076 de
160 1028 250 1076 cohorte
261 1036 337 1076 sumat
346 1031 530 1140 recuperatores?
547 1028 683 1091 Indignum,
694 1028 736 1074 uni
746 1043 790 1090 po-

121 1093 168 1140 tius
179 1092 301 1156 exiriqu'n
311 1107 391 1140 sumen
408 1093 424 1150 ¹,
435 1105 506 1155 quam
518 1092 619 1155 unisque
629 1107 658 1140 ex
670 1092 742 1154 equis
752 1106 789 1138 re-

120 1156 223 1218 jiciendi,
246 1156 295 1204 iieri
316 1163 457 1219 potestatem.
487 1156 605 1204 Neutrum
623 1156 679 1202 facis
700 1170 788 1202 eorum.
823 1205 828 1210 ,

123 1219 190 1279 Quid
207 1221 280 1284 ergo?
297 1220 341 1267 Est
358 1220 455 1283 aliquid,
474 1219 537 1282 quod
552 1219 678 1282 improbius
689 1219 738 1266 fieri
748 1233 790 1282 po·

122 1292 173 1332 test.
201 1284 270 1348 Cogit
288 1285 351 1332 enim
369 1283 510 1332 Scandilium
532 1283 635 1346 quinque
655 1283 695 1330 illo
716 1283 791 1330 miliia

121 1351 246 1396 nnmmbm
260 1347 313 1396 dare
334 1357 404 1412 atque
421 1361 571 1396 annumerare
585 1347 697 1410 Apronio.
723 1347 788 1405 Quid

121 1413 197 1476 potuit
208 1413 333 1474 elegantius
343 1412 416 1460 facere
422 1421 505 1476 prtetor
512 1411 608 1474 cupidus
617 1411 790 1458 existimationis

121 1479 197 1535 bono,
208 1477 249 1539 qui
260 1479 289 1525 ab
305 1492 352 1524 sese
369 1490 462 1524 omnem
479 1475 629 1539 suspicionem
648 1476 789 1540 propulsare,
821 1521 824 1526 .

121 1541 164 1605 qui
171 1541 198 1588 'se
209 1540 293 1602 eripere
303 1557 332 1590 ex
342 1540 447 1600 infamii,
456 1540 563 1603 cuperet?
599 1593 602 1599 ‚

124 1617 127 1622 ·
154 1605 223 1652 LXI.
240 1605 364 1653 Adductus
376 1606 462 1654 eratin
479 1619 615 1664 sermonem,
626 1603 745 1662 invidiam,
754 1604 789 1652 vi·

120 1669 295 1732 tuperationem.
321 1668 445 1718 Dictitdrat
454 1670 524 1717 homo
538 1670 656 1732 improbus
666 1677 735 1732 atque
745 1669 790 1716 im-

120 1737 202 1797 purus,
221 1733 349 1794 Apronius,
371 1733 457 1781 socium
476 1747 524 1780 esse
540 1742 670 1796 praetoremr
697 1741 789 1780 venerat

120 1813 157 1845 res
169 1796 194 1844 in
205 1796 319 1856 judicium
333 1806 402 1860 atque
418 1797 545 1846 discrimen.
570 1797 673 1844 Potestas
683 1804 731 1842 erat
741 1796 788 1854 isti,

120 1859 211 1910 honuni
221 1861 309 1924 integro
319 1870 389 1924 atque
405 1860 528 1918 innocenti,
544 1859 606 1916 dats,
623 1867 658 1917 ut,
669 1859 694 1904 in
710 1859 790 1921 Apro-

119 1924 187 1972 nium
196 1939 250 1972 eum
257 1925 460 1983 animaduertisset,
468 1939 516 1972 esee
521 1923 654 1986 mavimimi
662 1924 747 1970 levaret
753 1923 790 1970 in-

119 1988 201 2064 iamii.
218 1989 283 2064 Quid
293 1989 406 2064 excogitat
416 1987 506 2062 prenset?
522 1987 579 2051 quid
589 1985 791 2062 animadversionis

119 2051 791 2180 sipiritifflfflibffl

121 2196 168 2245 que
187 2181 280 2230 nefaria
299 2181 418 2240 meistatia
439 2180 482 2228 HS
497 2179 524 2241 JV
538 2178 613 2226 millis
631 2177 741 2226 mercedis
764 2193 791 2226 ac

138 2245 211 2293 raemii
217 2245 277 2293 dare.
287 2245 352 2303 Quid
357 2244 469 2303 interfuit,
474 2244 544 2292 homo
548 2241 705 2298 audacissime,
710 2249 791 2289 utrum

119 2261 164 2358 ios
183 2309 321 2367 muneres,
338 2324 368 2356 an
385 2309 418 2368 id,
439 2307 502 2371 quod
523 2306 644 2370 Apronius
661 2305 789 2366 dictitabat,

122 2381 172 2421 tute
182 2373 211 2421 de
221 2382 244 2421 te
254 2373 383 2436 profiterere
393 2388 420 2421 ae
427 2371 558 2420 moure?
574 2371 652 2429 Quem
662 2369 790 2430 bominem,

121 2437 141 2486 si
151 2437 203 2500 quis
213 2438 288 2500 pudor
298 2438 323 2486 in
333 2447 365 2496 te,
376 2446 446 2501 atque
456 2436 513 2484 adeo
523 2436 543 2484 α’
553 2435 606 2511 quie
616 2443 691 2482 metus
701 2433 789 2494 fuisset,

119 2501 169 2549 eine
179 2501 291 2565 supplicio
301 2502 415 2551 dimittere
421 2515 468 2550 non
474 2500 581 2558 debuisti,
590 2499 653 2548 hunc
663 2501 704 2547 ebs
710 2507 733 2547 te
741 2498 790 2546 sine

120 2566 215 2628 premio
232 2565 347 2615 discedere
359 2566 460 2616 noluisti.
483 2564 572 2614 Omnia
586 2564 655 2612 simul
665 2563 792 2626 intelligere

121 2627 717 2696 pernumiumexuuoorimiueseandfflmoe
742 2625 792 2692 pri·

787 2872 899 2926 A
