1820 2954
158 136 166 162 ⁸
281 147 321 197 m
335 147 485 199 <VERREM
501 149 534 198 V.
555 147 620 198 Get.
629 149 669 196 65.
760 147 810 198 449

144 291 228 355 ‘'(eum
237 302 344 355 surgeret
351 308 428 349 nemo,
440 293 663 356 aequamentum
674 293 779 350 dicerem

139 403 205 464 Quid
215 406 258 456 hoo
269 410 323 459 est?

381 489 443 553 (sorr
453 483 571 550 ducitur.)

144 626 148 634 ·
166 599 345 658 Quamobrem?
370 601 448 649 Nemo
469 609 518 650 erat
534 599 677 649 voluntarius
698 597 806 646 laudator

53 661 62 668 ’“
134 672 243 726 praeturae
253 673 310 721 ture,
321 664 425 712 defensor
436 665 590 728 periculorum
601 674 703 720 tuorum,
711 679 808 726 praeser·

135 726 179 772 tim
198 742 252 774 cum
269 727 327 776 inire
344 744 358 776 a
376 738 474 792 praetore
488 729 586 792 gratiam
602 730 698 791 posset?
722 727 808 774 Nemo.

137 789 187 852 ipsi
204 791 240 837 ilii
255 793 291 840 tui
306 792 417 852 convivor,
433 793 563 851 consiliarii,
575 793 667 850 conscii,
679 791 741 851 socii,
759 806 809 838 ver-

96 855 97 858 ’
136 854 194 900 bum
208 854 281 903 iacere
295 871 343 904 non
359 858 480 906 audebant.
502 857 531 904 ln
545 855 592 920 qui
606 855 669 904 curii
680 864 755 904 statua
767 865 809 902 tue

136 919 220 977 stabat,
232 927 255 966 et
265 921 328 968 nuda
339 921 389 981 filii,
401 922 424 968 in
441 921 469 968 ei.
484 935 553 968 nono
567 920 620 978 fuit,
633 936 703 984 quem
717 935 749 967 ne
764 934 809 966 mr-

137 980 181 1029 dus
191 982 286 1046 quidem
296 985 358 1032 filius
368 985 393 1032 in
403 986 467 1033 nudi
494 985 595 1033 rovincii
605 987 775 1032 commoveret?

169 1045 251 1108 Atque
267 1048 336 1097 etism
353 1049 396 1097 hoo
414 1065 453 1098 me
486 1057 559 1109 ocem,
575 1049 688 1111 ejusmodi
704 1051 809 1096 senatus·

136 1111 241 1158 consulto
255 1127 303 1161 sese
319 1113 399 1162 fecisse
410 1113 574 1173 laudationem,
591 1122 619 1161 ut
628 1126 708 1160 omnes
723 1111 809 1160 intelli-

261 1275 269 1301 9

97 1327 98 1330 =
135 1303 290 1369 uritosamque
307 1315 442 1370 praeturem.
463 1307 558 1354 Etenim
575 1305 687 1369 scriptum
704 1319 753 1352 etse
766 1305 808 1363 its,

136 1367 201 1430 quod
217 1368 260 1417 iste
275 1371 375 1434 “virgis
390 1370 507 1418 neminem
521 1369 637 1422 cecidisset
645 1370 671 1427 ;”
688 1384 759 1443 equo
769 1384 808 1416 oo·

135 1433 248 1494 gnoaeetis
259 1435 413 1484 nobilissimos
419 1435 524 1482 homines
535 1443 604 1498 etque
612 1432 808 1485 innocentissimos

136 1635 224 1674 montet
242 1599 405 1692 edulteiiisque
424 1645 472 1678 esse
492 1638 631 1678 oonsumtcs.
660 1629 714 1676 Hoc
728 1635 807 1674 sutem

136 1689 247 1751 scriptum
259 1693 337 1752 etism
349 1693 411 1756 quod
425 1693 525 1756 proferre
535 1707 581 1741 non
592 1693 686 1740 auderet
696 1707 758 1748 reus,
770 1707 808 1740 sc-

137 1763 227 1800 cusstor
237 1756 330 1803 recitare
340 1771 386 1803 non
397 1756 517 1816 desineret,
529 1760 547 1786 “
571 1756 618 1804 uod
625 1755 743 1819 predones
755 1771 808 1818 pro-

138 1816 177 1862 cul
187 1818 217 1864 eb
224 1817 301 1869 insulis
307 1818 384 1867 Sicilii
391 1819 543 1882 prohibuisset
574 1821 663 1876 erres;”
672 1834 730 1882 quos
738 1819 808 1866 etiem

139 1879 200 1927 intro
209 1882 378 1951 Syracusanam
385 1884 490 1930 Insulam
500 1884 626 1947 recepisset.
644 1883 706 1942 Quae
716 1891 806 1946 postea-

138 1958 211 2007 quem
225 1961 254 1993 ex
269 1946 315 2000 iilis
332 1947 436 2010 cognovi,
447 1947 538 1996 discessi
555 1962 609 1995 cum
624 1945 806 2008 franeorum,

140 2017 174 2066 ut,
186 2011 251 2058 nobis
260 2012 401 2071 absentibus,
411 2012 433 2066 si
443 2011 500 2074 quid
510 2012 602 2072 vellent,
613 2012 765 2060 decernerent.

147 2103 152 2109 -
171 2073 252 2122 LXV.
266 2073 402 2123 Decernunt
416 2076 509 2124 stetim:
529 2075 642 2140 primum,
661 2083 688 2122 ut
704 2090 760 2123 cum
772 2077 806 2125 ὡ.

139 2135 209 2186 iretre
219 2139 345 2203 hospitium
358 2140 451 2204 publice
460 2139 532 2200 fieret,
548 2140 610 2204 quod
621 2141 641 2188 is
652 2138 756 2188 eamdem
767 2157 808 2188 vo·

138 2200 251 2250 luntatcm
270 2219 324 2267 erga
341 2206 495 2267 Syracusanos
512 2205 653 2268 suscepisset,
670 2217 741 2268 quem
763 2219 806 2267 ego

137 2279 227 2328 semper
245 2269 383 2316 habuissem.
406 2267 436 2316 Id
450 2283 497 2316 non
512 2269 581 2316 modo
597 2280 648 2317 tum
659 2267 805 2331 seripserunt,

137 2343 218 2378 renim
229 2333 297 2380 etism
308 2333 333 2380 in
341 2349 385 2382 aere
395 2332 492 2380 incisum
498 2333 564 2381 nobis
570 2332 719 2380 tradiderunt
730 2333 807 2381 Vulde

137 2392 234 2456 (hercle)
243 2403 266 2444 te
276 2397 412 2460 Syremsooi
421 2396 465 2457 tui,
472 2413 530 2460 quoe
540 2399 618 2446 crebro
628 2411 806 2446 commemorare

137 2457 204 2517 soles,
215 2459 330 2524 dfflgunt3
348 2463 389 2525 qui
399 2477 453 2510 oum
463 2471 592 2538 accusatope
601 2471 642 2510 too
653 2461 707 2509 setis
716 2463 803 2523 juetam

135 2525 695 2654 ffliiiifiiiffifflffi
703 2525 804 2638 iiii?

134 2650 171 2700 rit.
188 2653 272 2704 Postes
282 2655 420 2714 deoemitur,
435 2670 462 2705 ue
476 2669 523 2704 noo
533 2655 603 2717 serie,
614 2654 656 2705 sed
663 2669 740 2720 ‚prope
750 2667 804 2705 oon·
