1824 2968
213 162 284 214 tuto
299 159 426 212 ttoscto
440 161 615 213 Amnnmo.
632 161 695 212 (lte.
707 167 746 214 22.
779 168 812 216 ll

141 291 181 351 tis,
198 299 226 339 ut
235 283 336 366 mqu'stis
346 291 447 354 aliquem
459 299 548 354 petrem
562 291 676 353 suddisse,
686 303 764 356 'neque
774 293 810 341 di·

141 357 810 483 mttmtttttttlttlmtts

142 498 214 532 nemo
231 484 365 546 suffringett
382 483 422 530 sed
436 483 455 530 si
470 499 512 545 ego
525 484 567 531 hos
578 486 636 531 bene
647 485 708 544 novi,
720 484 809 532 literam

140 548 328 606 illnm‚ei1ivos
342 561 416 610 usque
430 562 457 594 eo
470 547 557 595 inimici
571 548 631 606 estis,
646 556 674 594 ut
688 548 757 595 etiem
771 564 809 595 ens

141 626 222 660 omnes
231 611 332 670 oderitis,
342 611 376 658 its
386 611 531 659 vehementer
540 612 570 658 od
580 621 648 674 caput
662 612 763 674 affigere,
781 621 808 660 ut

139 683 220 739 postes
231 675 347 722 nemin·
361 674 442 734 alium,
460 675 504 722 nisi
518 675 620 729 fortunas
634 685 726 735 vestras,
742 691 809 724 smu-

119 867 123 872 ,
141 748 335 876 wxpigiilllluid
344 801 402 876 milti
418 802 447 850 ad
459 803 627 850 defendendum
640 803 731 864 dedisti,
748 806 808 852 bone

144 868 279 913 anmsntor?
296 865 352 928 quid
365 865 426 914 hisce
439 876 517 914 sutem
527 867 556 914 ad
567 868 746 931 suspicandum?
768 869 807 916 Ne

144 928 333 989 exheredaretur,
339 929 422 978 veritus
430 941 469 978 est
486 931 573 978 Audio.
590 931 635 980 Sed
642 933 689 996 qul
699 932 727 979 de
737 933 806 980 musis

144 991 216 1040 vereri
226 991 334 1052 debuerit,
346 1009 413 1042 nemo
423 995 484 1042 dicit.
501 995 609 1044 Habebat
616 1006 680 1059 pater
687 997 712 1042 in
719 997 805 1044 annno.

143 1057 244 1104 Planum
260 1056 302 1105 feo.
330 1058 397 1105 Nihil
413 1067 461 1106 est:
480 1073 539 1117 nom·
555 1063 649 1123 quicum
666 1060 805 1120 deliberirit,

121 1145 123 1150 ·
141 1135 211 1185 quem
222 1121 338 1169 certiorem
348 1122 434 1180 feeerit,
445 1123 507 1170 unde
516 1123 578 1170 istud
588 1124 651 1171 vobis
661 1124 769 1187 suspicari
779 1125 805 1171 in

139 1194 241 1233 mentem
258 1186 351 1233 venerit.
379 1186 441 1233 Cum
458 1186 500 1234 hoc
518 1187 588 1233 modo
606 1203 705 1246 accuses,
724 1188 804 1247 Eruci,

138 1265 216 1298 nonne
225 1250 269 1296 hoc
279 1249 357 1312 polum
367 1249 441 1297 diois?
457 1250 518 1312 Ego,
531 1250 587 1314 quid
600 1251 732 1313 deceperim,
744 1251 803 1300 scio:

137 1314 195 1378 quid
203 1313 288 1372 dicum,
297 1313 371 1360 neseio
379 1330 385 1360 ι
398 1327 472 1362 unum
479 1313 539 1361 illud
547 1315 653 1376 spectavi,
661 1314 723 1376 quod
731 1314 805 1378 Chry-

136 1393 237 1442 sogonus
247 1377 330 1435 aiebat,
342 1377 457 1424 neminem
467 1377 505 1426 isti
515 1387 637 1440 patronum
645 1377 764 1426 futurum:
776 1379 805 1426 de

135 1443 250 1491 bonorum
258 1440 365 1499 emtione,
377 1441 488 1504 dequesti
499 1442 610 1501 societate,
621 1442 737 1490 neminem
748 1457 803 1502 esse,

136 1507 179 1570 qui
188 1508 283 1555 verbum
294 1504 367 1552 fecere
377 1505 421 1553 hoo
428 1515 530 1568 tempore
540 1507 638 1554 auderet.
656 1506 714 1554 Hes
724 1515 768 1554 teo
786 1507 804 1548 '-

137 1571 177 1617 nio
186 1571 244 1618 lnlsn
251 1570 276 1616 in
284 1569 352 1616 istam
362 1568 468 1617 frondem
475 1569 575 1632 impulit.
592 1571 656 1628 Non,
667 1571 720 1616 meh
783 1587 804 1630 e,

113 1697 115 1702 ι
136 1637 234 1714 verbum
243 1633 341 1692 fecisses,
355 1633 375 1679 si
385 1633 427 1681 tibi
438 1648 579 1697 quemquem
589 1649 749 1697 responsurum
760 1651 804 1698 pu·

169 1762 254 1837 Opere
270 1761 370 1824 pretium
387 1770 443 1820 eret,
461 1759 480 1808 si
494 1761 691 1820 animadvertistis,
704 1762 802 1822 judiees,

113 1826 115 1830 ’
136 1825 300 1889 negligentiam
311 1827 360 1886 ejus
370 1825 395 1871 in
410 1827 536 1875 moseddo
545 1826 691 1876 oonsiderare.
719 1827 802 1886 Credo,

136 1906 190 1939 cum
205 1887 305 1949 vidisset,
324 1889 365 1952 qui
378 1888 482 1938 homines
496 1890 521 1937 in
539 1890 600 1938 hisce
612 1890 724 1940 subselliis
741 1891 804 1938 sede-

136 1962 195 2013 rent,
204 1955 320 2016 quesisse,
331 1968 389 2000 num
399 1953 439 2003 ille
448 1962 490 2000 nut
499 1954 539 2003 ille
548 1954 682 2002 defensurus
692 1962 762 2001 esset:
775 1953 804 2000 de

135 2032 174 2064 me
184 2032 214 2064 ne
222 2016 361 2079 suspicatum
369 2017 471 2080 quidem,
483 2018 545 2080 quod
553 2027 619 2068 antee
626 2033 718 2066 oausam
726 2017 803 2079 publi-

135 2096 186 2129 osm
196 2081 286 2130 nuttam
297 2080 401 2128 dixerim.
425 2082 578 2145 Posteaquam
588 2081 676 2129 invenit
686 2081 810 2132 neminem.

136 2160 224 2204 eorum,
235 2139 277 2207 q'ui
286 2153 381 2208 possunt
391 2153 414 2193 et
424 2146 512 2202 solent;
529 2145 561 2200 ita
571 2144 688 2207 negligens
702 2159 749 2191 esse
759 2160 802 2192 ooe-

134 2209 179 2272 pit,
189 2218 225 2266 ut,
236 2223 290 2256 cum
301 2209 326 2255 in
336 2217 437 2256 mentem
445 2210 533 2257 venimt
542 2209 571 2269 ei,
582 2207 704 2265 residerem
721 2208 803 2256 deinde

134 2273 284 2336 spatiaretm
309 2287 477 2337 nonnunquam
498 2273 567 2320 etism
588 2287 686 2336 puerum
704 2281 802 2332 vocaret,

134 2337 209 2396 oredo,
221 2336 258 2384 cui
269 2350 357 2391 eoennm
367 2336 505 2400 imperarem
521 2353 613 2401 prorsus
628 2344 655 2383 ut
665 2345 738 2384 vestro
749 2352 804 2384 oon·

132 2415 195 2452 sessu
206 2401 282 2454 ethos
292 2409 414 2462 eonventu,
428 2416 471 2463 pro
481 2401 573 2448 summi
583 2399 712 2460 solitudine,
724 2402 804 2449 abute-

175 2497 263 2579 x'xu.
291 2529 408 2580 Peroravit
428 2529 566 2593 aliquando:
593 2527 690 2577 meum
715 2528 803 2575 surrexi

138 2607 187 2655 08⁰·
204 2591 328 2666 ΜΨἱῑαιθ
338 2593 399 2642 Vim
410 2601 452 2654 est,
460 2594 524 2719 quod
531 2608 576 2641 non
588 2592 647 2639 alius
657 2591 734 2653 potius
744 2591 804 2636 dioe-

137 2664 179 2704 ret.
196 2655 262 2719 Cepi
279 2655 360 2705 dione.
378 2657 459 2721 Usque
487 2659 526 2720 eo]
540 2651 804 2713 mimsdsermiudlffl,
