<?xml version="1.0" encoding="UTF-8"?>
<!DOCTYPE html PUBLIC "-//W3C//DTD XHTML 1.0 Transitional//EN"
    "http://www.w3.org/TR/xhtml1/DTD/xhtml1-transitional.dtd">
<html xmlns="http://www.w3.org/1999/xhtml" xml:lang="en" lang="en">
 <head>
  <title>
</title>
<meta http-equiv="Content-Type" content="text/html;charset=utf-8" />
  <meta name='ocr-system' content='tesseract 3.04.00' />
  <meta name='ocr-capabilities' content='ocr_page ocr_carea ocr_par ocr_line ocrx_word'/>
</head>
<body>
  <div class='ocr_page' id='page_1' title='image "./operaexeditioni03cicegoog_0038.png"; bbox 0 0 1824 2968; ppageno 0'>
   <div class='ocr_carea' id='block_1_1' title="bbox 268 111 800 174">
    <p class='ocr_par' dir='ltr' id='par_1_1' title="bbox 268 111 800 174">
     <span class='ocr_line' id='line_1_1' title="bbox 268 111 800 174; baseline 0.002 -13"><span class='ocrx_word' id='word_1_1' title='bbox 268 111 337 162; x_wconf 83' lang='lat' dir='ltr'><strong>PRO</strong></span> <span class='ocrx_word' id='word_1_2' title='bbox 354 111 632 174; x_wconf 70' lang='lat' dir='ltr'><strong>P.Q1J1Nu10.crr.</strong></span> <span class='ocrx_word' id='word_1_3' title='bbox 645 114 684 162; x_wconf 76' lang='lat'><strong>22.</strong></span> <span class='ocrx_word' id='word_1_4' title='bbox 769 113 800 162; x_wconf 67' lang='lat' dir='ltr'><strong>id</strong></span> 
     </span>
    </p>
   </div>
   <div class='ocr_carea' id='block_1_2' title="bbox 132 241 802 691">
    <p class='ocr_par' dir='ltr' id='par_1_2' title="bbox 132 241 802 626">
     <span class='ocr_line' id='line_1_2' title="bbox 133 241 800 306; baseline 0 -16"><span class='ocrx_word' id='word_1_5' title='bbox 133 241 220 302; x_wconf 82' lang='lat' dir='ltr'><strong>cedent,</strong></span> <span class='ocrx_word' id='word_1_6' title='bbox 232 255 280 290; x_wconf 87' lang='lat' dir='ltr'><strong>nou</strong></span> <span class='ocrx_word' id='word_1_7' title='bbox 295 250 464 306; x_wconf 80' lang='lat' dir='ltr'><strong>procuratorem</strong></span> <span class='ocrx_word' id='word_1_8' title='bbox 475 241 506 290; x_wconf 91' lang='lat' dir='ltr'><strong>P.</strong></span> <span class='ocrx_word' id='word_1_9' title='bbox 520 241 614 300; x_wconf 85' lang='lat' dir='ltr'><strong>Quintii</strong></span> <span class='ocrx_word' id='word_1_10' title='bbox 629 241 745 290; x_wconf 81' lang='lat' dir='ltr'><strong>neminem</strong></span> <span class='ocrx_word' id='word_1_11' title='bbox 762 241 800 290; x_wconf 81' lang='lat' dir='ltr'><strong>tu·-</strong></span> 
     </span>
     <span class='ocr_line' id='line_1_3' title="bbox 133 305 801 370; baseline 0 -18"><span class='ocrx_word' id='word_1_12' title='bbox 133 305 185 366; x_wconf 80' lang='lat' dir='ltr'><strong>iese,</strong></span> <span class='ocrx_word' id='word_1_13' title='bbox 197 306 237 354; x_wconf 78' lang='lat' dir='ltr'><strong>sed</strong></span> <span class='ocrx_word' id='word_1_14' title='bbox 247 307 374 370; x_wconf 77' lang='lat' dir='ltr'><strong>gratiosum</strong></span> <span class='ocrx_word' id='word_1_15' title='bbox 388 307 464 354; x_wconf 78' lang='lat' dir='ltr'><strong>fuisse.</strong></span> <span class='ocrx_word' id='word_1_16' title='bbox 490 305 554 354; x_wconf 87' lang='lat' dir='ltr'>Mihi</span> <span class='ocrx_word' id='word_1_17' title='bbox 567 314 654 366; x_wconf 80' lang='lat' dir='ltr'><strong>eutem,</strong></span> <span class='ocrx_word' id='word_1_18' title='bbox 666 306 696 353; x_wconf 80' lang='lat' dir='ltr'><strong>ud</strong></span> <span class='ocrx_word' id='word_1_19' title='bbox 710 307 801 354; x_wconf 81' lang='lat' dir='ltr'><strong>vincen-</strong></span> 
     </span>
     <span class='ocr_line' id='line_1_4' title="bbox 132 369 801 434; baseline -0.001 -18"><span class='ocrx_word' id='word_1_20' title='bbox 132 369 198 431; x_wconf 88' lang='lat' dir='ltr'><strong>dum,</strong></span> <span class='ocrx_word' id='word_1_21' title='bbox 210 371 265 418; x_wconf 81' lang='lat' dir='ltr'><strong>setis</strong></span> <span class='ocrx_word' id='word_1_22' title='bbox 275 380 316 430; x_wconf 88' lang='lat' dir='ltr'><strong>est,</strong></span> <span class='ocrx_word' id='word_1_23' title='bbox 327 371 398 418; x_wconf 80' lang='lat' dir='ltr'><strong>fuisse</strong></span> <span class='ocrx_word' id='word_1_24' title='bbox 408 379 584 434; x_wconf 80' lang='lat' dir='ltr'><strong>procuratorem,</strong></span> <span class='ocrx_word' id='word_1_25' title='bbox 597 371 693 433; x_wconf 79' lang='lat' dir='ltr'><strong>quicum</strong></span> <span class='ocrx_word' id='word_1_26' title='bbox 704 369 801 433; x_wconf 84' lang='lat' dir='ltr'><strong>experiri</strong></span> 
     </span>
     <span class='ocr_line' id='line_1_5' title="bbox 132 434 802 498; baseline -0.001 -15"><span class='ocrx_word' id='word_1_27' title='bbox 132 444 215 498; x_wconf 73' lang='lat' dir='ltr'><strong>poscet</strong></span> <span class='ocrx_word' id='word_1_28' title='bbox 238 435 322 494; x_wconf 74' lang='lat' dir='ltr'><strong>Qualis</strong></span> <span class='ocrx_word' id='word_1_29' title='bbox 333 436 353 482; x_wconf 86' lang='lat' dir='ltr'><strong>is</strong></span> <span class='ocrx_word' id='word_1_30' title='bbox 365 435 443 492; x_wconf 85' lang='lat' dir='ltr'><strong>fuerit,</strong></span> <span class='ocrx_word' id='word_1_31' title='bbox 459 435 557 482; x_wconf 83' lang='lat' dir='ltr'><strong>simodo</strong></span> <span class='ocrx_word' id='word_1_32' title='bbox 567 436 684 482; x_wconf 82' lang='lat' dir='ltr'><strong>absentem</strong></span> <span class='ocrx_word' id='word_1_33' title='bbox 695 434 802 482; x_wconf 82' lang='lat' dir='ltr'><strong>defende-</strong></span> 
     </span>
     <span class='ocr_line' id='line_1_6' title="bbox 132 497 802 563; baseline -0.001 -16"><span class='ocrx_word' id='word_1_34' title='bbox 132 499 173 546; x_wconf 73' lang='lat' dir='ltr'><strong>bnt</strong></span> <span class='ocrx_word' id='word_1_35' title='bbox 191 501 317 563; x_wconf 75' lang='lat' dir='ltr'><strong>perjuret</strong></span> <span class='ocrx_word' id='word_1_36' title='bbox 330 515 371 563; x_wconf 84' lang='lat' dir='ltr'><strong>per</strong></span> <span class='ocrx_word' id='word_1_37' title='bbox 381 500 550 562; x_wconf 76' lang='lat' dir='ltr'><strong>magistratum,</strong></span> <span class='ocrx_word' id='word_1_38' title='bbox 561 499 620 546; x_wconf 86' lang='lat' dir='ltr'><strong>nihil</strong></span> <span class='ocrx_word' id='word_1_39' title='bbox 635 499 664 546; x_wconf 78' lang='lat' dir='ltr'><strong>ad</strong></span> <span class='ocrx_word' id='word_1_40' title='bbox 678 513 728 546; x_wconf 87' lang='lat' dir='ltr'><strong>rem</strong></span> <span class='ocrx_word' id='word_1_41' title='bbox 742 497 802 547; x_wconf 82' lang='lat' dir='ltr'><strong>arbi·</strong></span> 
     </span>
     <span class='ocr_line' id='line_1_7' title="bbox 132 565 310 626; baseline 0.011 -16"><span class='ocrx_word' id='word_1_42' title='bbox 132 570 181 610; x_wconf 67' lang='grc' dir='ltr'><strong>ποι·</strong></span> <span class='ocrx_word' id='word_1_43' title='bbox 190 565 310 626; x_wconf 83' lang='lat' dir='ltr'><strong>pertinere.</strong></span> 
     </span>
    </p>

    <p class='ocr_par' dir='ltr' id='par_1_3' title="bbox 165 625 802 691">
     <span class='ocr_line' id='line_1_8' title="bbox 165 625 802 691; baseline 0 -17"><span class='ocrx_word' id='word_1_44' title='bbox 165 627 225 674; x_wconf 78' lang='lat' dir='ltr'><strong>Erat</strong></span> <span class='ocrx_word' id='word_1_45' title='bbox 235 629 307 687; x_wconf 84' lang='lat' dir='ltr'><strong>enim,</strong></span> <span class='ocrx_word' id='word_1_46' title='bbox 318 627 403 690; x_wconf 82' lang='lat' dir='ltr'><strong>inquit,</strong></span> <span class='ocrx_word' id='word_1_47' title='bbox 411 627 504 674; x_wconf 79' lang='lat' dir='ltr'><strong>illarum</strong></span> <span class='ocrx_word' id='word_1_48' title='bbox 516 625 623 691; x_wconf 78' lang='lat' dir='ltr'><strong>partium.</strong></span> <span class='ocrx_word' id='word_1_49' title='bbox 640 627 749 687; x_wconf 82' lang='lat' dir='ltr'><strong>Quidni?</strong></span> <span class='ocrx_word' id='word_1_50' title='bbox 760 627 802 690; x_wconf 92' lang='lat' dir='ltr'><strong>qui</strong></span> 
     </span>
    </p>
   </div>
   <div class='ocr_carea' id='block_1_3' title="bbox 22 683 820 755">
    <p class='ocr_par' dir='ltr' id='par_1_4' title="bbox 22 683 820 755">
     <span class='ocr_line' id='line_1_9' title="bbox 22 683 820 755; baseline 0 -16"><span class='ocrx_word' id='word_1_51' title='bbox 22 729 26 739; x_wconf 89' lang='lat'><em>.</em></span> <span class='ocrx_word' id='word_1_52' title='bbox 77 683 79 691; x_wconf 62' lang='grc'>’</span> <span class='ocrx_word' id='word_1_53' title='bbox 134 690 435 754; x_wconf 64' lang='grc' dir='ltr'><strong>ιριιᾶῖεεεεοῐεὰυωῑιιες</strong></span> <span class='ocrx_word' id='word_1_54' title='bbox 453 700 663 755; x_wconf 86' lang='lat' dir='ltr'><strong>quemtuapuero</strong></span> <span class='ocrx_word' id='word_1_55' title='bbox 671 691 820 740; x_wconf 71' lang='lat' dir='ltr'><strong>sicinstitu-&#39;</strong></span> 
     </span>
    </p>
   </div>
   <div class='ocr_carea' id='block_1_4' title="bbox 68 754 835 2739">
    <p class='ocr_par' dir='ltr' id='par_1_5' title="bbox 68 754 835 2739">
     <span class='ocr_line' id='line_1_10' title="bbox 134 754 803 818; baseline 0.003 -16"><span class='ocrx_word' id='word_1_56' title='bbox 134 754 199 814; x_wconf 71' lang='lat' dir='ltr'><strong>icsae,</strong></span> <span class='ocrx_word' id='word_1_57' title='bbox 207 763 235 800; x_wconf 93' lang='lat' dir='ltr'><strong>ut</strong></span> <span class='ocrx_word' id='word_1_58' title='bbox 245 754 319 802; x_wconf 90' lang='lat' dir='ltr'><strong>nobili</strong></span> <span class='ocrx_word' id='word_1_59' title='bbox 326 769 355 801; x_wconf 89' lang='lat' dir='ltr'><strong>ne</strong></span> <span class='ocrx_word' id='word_1_60' title='bbox 365 755 484 816; x_wconf 75' lang='lat' dir='ltr'><strong>gladiatori</strong></span> <span class='ocrx_word' id='word_1_61' title='bbox 492 754 586 818; x_wconf 90' lang='lat' dir='ltr'><strong>quidem</strong></span> <span class='ocrx_word' id='word_1_62' title='bbox 593 756 693 803; x_wconf 77' lang='lat' dir='ltr'><strong>cederet:</strong></span> <span class='ocrx_word' id='word_1_63' title='bbox 712 756 803 804; x_wconf 82' lang='lat' dir='ltr'><strong>sicuttu</strong></span> 
     </span>
     <span class='ocr_line' id='line_1_11' title="bbox 136 819 803 882; baseline 0.003 -16"><span class='ocrx_word' id='word_1_64' title='bbox 136 832 228 880; x_wconf 82' lang='lat' dir='ltr'>semper</span> <span class='ocrx_word' id='word_1_65' title='bbox 238 833 329 865; x_wconf 77' lang='lat' dir='ltr'><strong>stimme</strong></span> <span class='ocrx_word' id='word_1_66' title='bbox 339 819 477 882; x_wconf 74' lang='lat' dir='ltr'><strong>concupisti:</strong></span> <span class='ocrx_word' id='word_1_67' title='bbox 494 819 556 866; x_wconf 88' lang='lat' dir='ltr'><strong>idem</strong></span> <span class='ocrx_word' id='word_1_68' title='bbox 565 819 655 866; x_wconf 83' lang='lat' dir='ltr'><strong>volebat</strong></span> <span class='ocrx_word' id='word_1_69' title='bbox 664 820 803 882; x_wconf 76' lang='lat' dir='ltr'><strong>Alphenusr</strong></span> 
     </span>
     <span class='ocr_line' id='line_1_12' title="bbox 137 881 801 947; baseline 0.005 -19"><span class='ocrx_word' id='word_1_70' title='bbox 137 882 167 928; x_wconf 70' lang='lat' dir='ltr'><strong>ei</strong></span> <span class='ocrx_word' id='word_1_71' title='bbox 177 896 202 928; x_wconf 88' lang='lat' dir='ltr'><strong>re</strong></span> <span class='ocrx_word' id='word_1_72' title='bbox 213 881 255 928; x_wconf 86' lang='lat' dir='ltr'><strong>tibi</strong></span> <span class='ocrx_word' id='word_1_73' title='bbox 266 897 319 929; x_wconf 89' lang='lat' dir='ltr'><strong>cum</strong></span> <span class='ocrx_word' id='word_1_74' title='bbox 329 897 356 929; x_wconf 89' lang='lat' dir='ltr'><strong>eo</strong></span> <span class='ocrx_word' id='word_1_75' title='bbox 369 899 411 946; x_wconf 82' lang='lat' dir='ltr'><strong>par</strong></span> <span class='ocrx_word' id='word_1_76' title='bbox 422 884 535 931; x_wconf 86' lang='lat' dir='ltr'><strong>contentio</strong></span> <span class='ocrx_word' id='word_1_77' title='bbox 549 893 604 931; x_wconf 83' lang='lat' dir='ltr'><strong>erat.</strong></span> <span class='ocrx_word' id='word_1_78' title='bbox 627 884 705 942; x_wconf 84' lang='lat' dir='ltr'><strong>Bruti,</strong></span> <span class='ocrx_word' id='word_1_79' title='bbox 716 884 801 947; x_wconf 89' lang='lat' dir='ltr'><strong>inquit,</strong></span> 
     </span>
     <span class='ocr_line' id='line_1_13' title="bbox 139 945 801 1011; baseline 0.006 -19"><span class='ocrx_word' id='word_1_80' title='bbox 139 953 189 992; x_wconf 81' lang='lat' dir='ltr'><strong>erat</strong></span> <span class='ocrx_word' id='word_1_81' title='bbox 205 945 336 993; x_wconf 74' lang='lat' dir='ltr'><strong>familiaris:</strong></span> <span class='ocrx_word' id='word_1_82' title='bbox 356 947 434 1011; x_wconf 76' lang='lat' dir='ltr'><strong>itaque</strong></span> <span class='ocrx_word' id='word_1_83' title='bbox 448 947 468 994; x_wconf 92' lang='lat' dir='ltr'><strong>is</strong></span> <span class='ocrx_word' id='word_1_84' title='bbox 482 948 647 997; x_wconf 79' lang='lat' dir='ltr'><strong>intercedebat:</strong></span> <span class='ocrx_word' id='word_1_85' title='bbox 666 957 700 1006; x_wconf 89' lang='lat' dir='ltr'><strong>tu,</strong></span> <span class='ocrx_word' id='word_1_86' title='bbox 715 958 801 1008; x_wconf 78' lang='lat' dir='ltr'><strong>contre,</strong></span> 
     </span>
     <span class='ocr_line' id='line_1_14' title="bbox 138 1009 805 1075; baseline 0.006 -19"><span class='ocrx_word' id='word_1_87' title='bbox 138 1009 254 1069; x_wconf 86' lang='lat' dir='ltr'><strong>Burrieni,</strong></span> <span class='ocrx_word' id='word_1_88' title='bbox 264 1011 305 1074; x_wconf 90' lang='lat' dir='ltr'><strong>qui</strong></span> <span class='ocrx_word' id='word_1_89' title='bbox 315 1011 580 1072; x_wconf 78' lang='lat' dir='ltr'><strong>injuriamdecernebut3</strong></span> <span class='ocrx_word' id='word_1_90' title='bbox 592 1013 697 1059; x_wconf 87' lang='lat' dir='ltr'><strong>omnium</strong></span> <span class='ocrx_word' id='word_1_91' title='bbox 706 1012 805 1075; x_wconf 87' lang='lat' dir='ltr'><strong>denique</strong></span> 
     </span>
     <span class='ocr_line' id='line_1_15' title="bbox 138 1073 804 1139; baseline 0.006 -19"><span class='ocrx_word' id='word_1_92' title='bbox 138 1073 238 1133; x_wconf 83' lang='lat' dir='ltr'><strong>illorum,</strong></span> <span class='ocrx_word' id='word_1_93' title='bbox 250 1075 290 1138; x_wconf 71' lang='lat' dir='ltr'><strong>q‘ui</strong></span> <span class='ocrx_word' id='word_1_94' title='bbox 301 1084 352 1122; x_wconf 89' lang='lat' dir='ltr'><strong>tum</strong></span> <span class='ocrx_word' id='word_1_95' title='bbox 363 1084 386 1121; x_wconf 88' lang='lat' dir='ltr'><strong>et</strong></span> <span class='ocrx_word' id='word_1_96' title='bbox 396 1084 500 1138; x_wconf 78' lang='lat' dir='ltr'><strong>poterant</strong></span> <span class='ocrx_word' id='word_1_97' title='bbox 508 1092 548 1139; x_wconf 89' lang='lat' dir='ltr'><strong>per</strong></span> <span class='ocrx_word' id='word_1_98' title='bbox 558 1077 606 1124; x_wconf 88' lang='lat' dir='ltr'><strong>vim</strong></span> <span class='ocrx_word' id='word_1_99' title='bbox 616 1085 639 1124; x_wconf 88' lang='lat' dir='ltr'><strong>et</strong></span> <span class='ocrx_word' id='word_1_100' title='bbox 649 1077 721 1124; x_wconf 80' lang='lat' dir='ltr'><strong>scelus</strong></span> <span class='ocrx_word' id='word_1_101' title='bbox 731 1076 804 1139; x_wconf 89' lang='lat' dir='ltr'><strong>pluri-</strong></span> 
     </span>
     <span class='ocr_line' id='line_1_16' title="bbox 68 1140 802 1202; baseline 0.003 -17"><span class='ocrx_word' id='word_1_102' title='bbox 68 1163 70 1168; x_wconf 86' lang='lat'><em>.</em></span> <span class='ocrx_word' id='word_1_103' title='bbox 137 1153 212 1198; x_wconf 79' lang='lat' dir='ltr'><strong>inum,</strong></span> <span class='ocrx_word' id='word_1_104' title='bbox 224 1147 255 1199; x_wconf 86' lang='lat' dir='ltr'><strong>et,</strong></span> <span class='ocrx_word' id='word_1_105' title='bbox 267 1140 329 1202; x_wconf 91' lang='lat' dir='ltr'><strong>quod</strong></span> <span class='ocrx_word' id='word_1_106' title='bbox 339 1147 453 1202; x_wconf 75' lang='lat' dir='ltr'><strong>poterant,</strong></span> <span class='ocrx_word' id='word_1_107' title='bbox 461 1140 485 1186; x_wconf 92' lang='lat' dir='ltr'><strong>id</strong></span> <span class='ocrx_word' id='word_1_108' title='bbox 496 1140 617 1187; x_wconf 81' lang='lat' dir='ltr'><strong>audebant.</strong></span> <span class='ocrx_word' id='word_1_109' title='bbox 634 1141 676 1186; x_wconf 87' lang='lat' dir='ltr'><strong>An</strong></span> <span class='ocrx_word' id='word_1_110' title='bbox 687 1155 765 1188; x_wconf 81' lang='lat' dir='ltr'><strong>omnes</strong></span> <span class='ocrx_word' id='word_1_111' title='bbox 776 1150 802 1188; x_wconf 89' lang='lat' dir='ltr'><strong>tu</strong></span> 
     </span>
     <span class='ocr_line' id='line_1_17' title="bbox 136 1202 802 1268; baseline 0.003 -18"><span class='ocrx_word' id='word_1_112' title='bbox 136 1202 191 1250; x_wconf 82' lang='lat' dir='ltr'><strong>istos</strong></span> <span class='ocrx_word' id='word_1_113' title='bbox 203 1203 293 1251; x_wconf 87' lang='lat' dir='ltr'><strong>vincere</strong></span> <span class='ocrx_word' id='word_1_114' title='bbox 303 1204 404 1261; x_wconf 81' lang='lat' dir='ltr'><strong>volebas,</strong></span> <span class='ocrx_word' id='word_1_115' title='bbox 415 1204 456 1268; x_wconf 91' lang='lat' dir='ltr'><strong>qui</strong></span> <span class='ocrx_word' id='word_1_116' title='bbox 470 1219 541 1262; x_wconf 88' lang='lat' dir='ltr'><strong>nunc,</strong></span> <span class='ocrx_word' id='word_1_117' title='bbox 553 1213 579 1252; x_wconf 86' lang='lat' dir='ltr'><strong>tu</strong></span> <span class='ocrx_word' id='word_1_118' title='bbox 594 1213 621 1250; x_wconf 90' lang='lat' dir='ltr'><strong>ut</strong></span> <span class='ocrx_word' id='word_1_119' title='bbox 632 1203 716 1262; x_wconf 80' lang='lat' dir='ltr'><strong>vincas,</strong></span> <span class='ocrx_word' id='word_1_120' title='bbox 728 1212 802 1252; x_wconf 73' lang='lat' dir='ltr'><strong>tanto·</strong></span> 
     </span>
     <span class='ocr_line' id='line_1_18' title="bbox 134 1267 802 1342; baseline 0.001 -27"><span class='ocrx_word' id='word_1_121' title='bbox 134 1283 190 1332; x_wconf 87' lang='lat' dir='ltr'><strong>pere</strong></span> <span class='ocrx_word' id='word_1_122' title='bbox 200 1268 324 1315; x_wconf 75' lang='lat' dir='ltr'><strong>laborant?</strong></span> <span class='ocrx_word' id='word_1_123' title='bbox 342 1267 413 1314; x_wconf 86' lang='lat' dir='ltr'><strong>Aude</strong></span> <span class='ocrx_word' id='word_1_124' title='bbox 422 1268 446 1316; x_wconf 89' lang='lat' dir='ltr'><strong>id</strong></span> <span class='ocrx_word' id='word_1_125' title='bbox 457 1268 546 1324; x_wconf 88' lang='lat' dir='ltr'><strong>dicere;</strong></span> <span class='ocrx_word' id='word_1_126' title='bbox 564 1282 611 1314; x_wconf 91' lang='lat' dir='ltr'><strong>non</strong></span> <span class='ocrx_word' id='word_1_127' title='bbox 621 1269 708 1342; x_wconf 80' lang='lat' dir='ltr'><strong>palam,</strong></span> <span class='ocrx_word' id='word_1_128' title='bbox 717 1268 756 1314; x_wconf 86' lang='lat' dir='ltr'><strong>sed</strong></span> <span class='ocrx_word' id='word_1_129' title='bbox 766 1267 802 1316; x_wconf 78' lang='lat' dir='ltr'><strong>bie</strong></span> 
     </span>
     <span class='ocr_line' id='line_1_19' title="bbox 131 1331 804 1396; baseline 0.003 -18"><span class='ocrx_word' id='word_1_130' title='bbox 131 1332 209 1396; x_wconf 81' lang='lat' dir='ltr'><strong>ipsis,-</strong></span> <span class='ocrx_word' id='word_1_131' title='bbox 220 1346 278 1394; x_wconf 88' lang='lat' dir='ltr'><strong>quos</strong></span> <span class='ocrx_word' id='word_1_132' title='bbox 297 1332 417 1380; x_wconf 74' lang='lat' dir='ltr'><strong>udvocisti.</strong></span> <span class='ocrx_word' id='word_1_133' title='bbox 443 1333 527 1396; x_wconf 89' lang='lat' dir='ltr'><strong>Neque</strong></span> <span class='ocrx_word' id='word_1_134' title='bbox 545 1333 606 1380; x_wconf 89' lang='lat' dir='ltr'><strong>enim</strong></span> <span class='ocrx_word' id='word_1_135' title='bbox 623 1340 683 1378; x_wconf 84' lang='lat' dir='ltr'><strong>inter</strong></span> <span class='ocrx_word' id='word_1_136' title='bbox 701 1331 804 1380; x_wconf 86' lang='lat' dir='ltr'><strong>studium</strong></span> 
     </span>
     <span class='ocr_line' id='line_1_20' title="bbox 133 1395 803 1460; baseline -0.001 -15"><span class='ocrx_word' id='word_1_137' title='bbox 133 1405 238 1445; x_wconf 83' lang='lat' dir='ltr'><strong>vestrum</strong></span> <span class='ocrx_word' id='word_1_138' title='bbox 246 1395 382 1460; x_wconf 82' lang='lat' dir='ltr'><strong>quidquam,</strong></span> <span class='ocrx_word' id='word_1_139' title='bbox 391 1405 419 1444; x_wconf 89' lang='lat' dir='ltr'><strong>ut</strong></span> <span class='ocrx_word' id='word_1_140' title='bbox 425 1397 514 1460; x_wconf 85' lang='lat' dir='ltr'><strong>opinor,</strong></span> <span class='ocrx_word' id='word_1_141' title='bbox 521 1396 632 1444; x_wconf 72' lang='lat' dir='ltr'><strong>interfuit</strong></span> <span class='ocrx_word' id='word_1_142' title='bbox 650 1397 754 1459; x_wconf 81' lang='lat' dir='ltr'><strong>Ingenio,</strong></span> <span class='ocrx_word' id='word_1_143' title='bbox 764 1412 803 1444; x_wconf 78' lang='lat' dir='ltr'><strong>ve-</strong></span> 
     </span>
     <span class='ocr_line' id='line_1_21' title="bbox 135 1460 802 1520; baseline -0.001 -12"><span class='ocrx_word' id='word_1_144' title='bbox 135 1468 230 1519; x_wconf 78' lang='lat' dir='ltr'><strong>tustate,</strong></span> <span class='ocrx_word' id='word_1_145' title='bbox 246 1460 349 1520; x_wconf 83' lang='lat' dir='ltr'><strong>artificio,</strong></span> <span class='ocrx_word' id='word_1_146' title='bbox 361 1469 386 1508; x_wconf 83' lang='lat' dir='ltr'><strong>tu</strong></span> <span class='ocrx_word' id='word_1_147' title='bbox 401 1461 468 1508; x_wconf 78' lang='lat' dir='ltr'><strong>facile</strong></span> <span class='ocrx_word' id='word_1_148' title='bbox 482 1461 569 1508; x_wconf 84' lang='lat' dir='ltr'><strong>vicisti:</strong></span> <span class='ocrx_word' id='word_1_149' title='bbox 587 1470 614 1508; x_wconf 89' lang='lat' dir='ltr'><strong>ut</strong></span> <span class='ocrx_word' id='word_1_150' title='bbox 628 1461 674 1509; x_wconf 77' lang='lat' dir='ltr'><strong>alie</strong></span> <span class='ocrx_word' id='word_1_151' title='bbox 687 1461 802 1520; x_wconf 80' lang='lat' dir='ltr'><strong>omittam,</strong></span> 
     </span>
     <span class='ocr_line' id='line_1_22' title="bbox 133 1525 802 1588; baseline -0.003 -14"><span class='ocrx_word' id='word_1_152' title='bbox 133 1525 180 1574; x_wconf 86' lang='lat' dir='ltr'><strong>¹hoo</strong></span> <span class='ocrx_word' id='word_1_153' title='bbox 199 1525 253 1572; x_wconf 80' lang='lat' dir='ltr'><strong>satis</strong></span> <span class='ocrx_word' id='word_1_154' title='bbox 272 1533 312 1572; x_wconf 81' lang='lat' dir='ltr'><strong>cst.</strong></span> <span class='ocrx_word' id='word_1_155' title='bbox 337 1525 461 1588; x_wconf 81' lang='lat' dir='ltr'><strong>Alphenor</strong></span> <span class='ocrx_word' id='word_1_156' title='bbox 480 1540 533 1572; x_wconf 89' lang='lat' dir='ltr'><strong>cum</strong></span> <span class='ocrx_word' id='word_1_157' title='bbox 550 1525 586 1583; x_wconf 87' lang='lat' dir='ltr'><strong>iis,</strong></span> <span class='ocrx_word' id='word_1_158' title='bbox 605 1535 627 1573; x_wconf 89' lang='lat' dir='ltr'><strong>et</strong></span> <span class='ocrx_word' id='word_1_159' title='bbox 645 1535 737 1588; x_wconf 86' lang='lat' dir='ltr'><strong>propter</strong></span> <span class='ocrx_word' id='word_1_160' title='bbox 756 1540 802 1584; x_wconf 80' lang='lat' dir='ltr'><strong>eos,</strong></span> 
     </span>
     <span class='ocr_line' id='line_1_23' title="bbox 135 1589 804 1654; baseline 0 -18"><span class='ocrx_word' id='word_1_161' title='bbox 135 1590 212 1654; x_wconf 87' lang='lat' dir='ltr'><strong>periit,</strong></span> <span class='ocrx_word' id='word_1_162' title='bbox 225 1603 283 1653; x_wconf 81' lang='lat' dir='ltr'><strong>quos</strong></span> <span class='ocrx_word' id='word_1_163' title='bbox 296 1589 419 1652; x_wconf 77' lang='lat' dir='ltr'><strong>diligebat:</strong></span> <span class='ocrx_word' id='word_1_164' title='bbox 437 1597 472 1648; x_wconf 92' lang='lat' dir='ltr'><strong>tu,</strong></span> <span class='ocrx_word' id='word_1_165' title='bbox 487 1598 617 1652; x_wconf 82' lang='lat' dir='ltr'><strong>postquam,</strong></span> <span class='ocrx_word' id='word_1_166' title='bbox 631 1590 672 1654; x_wconf 91' lang='lat' dir='ltr'><strong>qui</strong></span> <span class='ocrx_word' id='word_1_167' title='bbox 687 1589 729 1636; x_wconf 88' lang='lat' dir='ltr'><strong>tibi</strong></span> <span class='ocrx_word' id='word_1_168' title='bbox 739 1597 804 1636; x_wconf 80' lang='lat' dir='ltr'><strong>erant</strong></span> 
     </span>
     <span class='ocr_line' id='line_1_24' title="bbox 136 1653 802 1717; baseline -0.002 -15"><span class='ocrx_word' id='word_1_169' title='bbox 136 1653 214 1713; x_wconf 78' lang='lat' dir='ltr'><strong>amici,</strong></span> <span class='ocrx_word' id='word_1_170' title='bbox 231 1669 278 1701; x_wconf 90' lang='lat' dir='ltr'><strong>non</strong></span> <span class='ocrx_word' id='word_1_171' title='bbox 293 1662 398 1717; x_wconf 80' lang='lat' dir='ltr'><strong>poterant</strong></span> <span class='ocrx_word' id='word_1_172' title='bbox 413 1653 517 1709; x_wconf 80' lang='lat' dir='ltr'><strong>vincere3</strong></span> <span class='ocrx_word' id='word_1_173' title='bbox 535 1662 561 1701; x_wconf 89' lang='lat' dir='ltr'><strong>ut</strong></span> <span class='ocrx_word' id='word_1_174' title='bbox 577 1653 644 1701; x_wconf 82' lang='lat' dir='ltr'><strong>amici</strong></span> <span class='ocrx_word' id='word_1_175' title='bbox 662 1653 704 1701; x_wconf 85' lang='lat' dir='ltr'><strong>tibi</strong></span> <span class='ocrx_word' id='word_1_176' title='bbox 721 1661 802 1713; x_wconf 76' lang='lat' dir='ltr'><strong>esseut,</strong></span> 
     </span>
     <span class='ocr_line' id='line_1_25' title="bbox 137 1715 804 1782; baseline -0.003 -17"><span class='ocrx_word' id='word_1_177' title='bbox 137 1718 179 1782; x_wconf 90' lang='lat' dir='ltr'><strong>qui</strong></span> <span class='ocrx_word' id='word_1_178' title='bbox 189 1718 318 1777; x_wconf 76' lang='lat' dir='ltr'><strong>vincebant,</strong></span> <span class='ocrx_word' id='word_1_179' title='bbox 330 1716 429 1765; x_wconf 83' lang='lat' dir='ltr'><strong>effecisti.</strong></span> <span class='ocrx_word' id='word_1_180' title='bbox 447 1715 551 1764; x_wconf 76' lang='lat' dir='ltr'><strong>Tametsi</strong></span> <span class='ocrx_word' id='word_1_181' title='bbox 559 1719 612 1766; x_wconf 88' lang='lat' dir='ltr'><strong>nolo</strong></span> <span class='ocrx_word' id='word_1_182' title='bbox 621 1733 672 1765; x_wconf 79' lang='lat' dir='ltr'><strong>eom</strong></span> <span class='ocrx_word' id='word_1_183' title='bbox 682 1733 730 1764; x_wconf 81' lang='lat' dir='ltr'><strong>rem</strong></span> <span class='ocrx_word' id='word_1_184' title='bbox 742 1733 804 1764; x_wconf 88' lang='lat' dir='ltr'><strong>com-</strong></span> 
     </span>
     <span class='ocr_line' id='line_1_26' title="bbox 137 1780 805 1842; baseline -0.003 -12"><span class='ocrx_word' id='word_1_185' title='bbox 137 1780 288 1830; x_wconf 79' lang='lat' dir='ltr'><strong>memorando</strong></span> <span class='ocrx_word' id='word_1_186' title='bbox 303 1797 419 1842; x_wconf 86' lang='lat' dir='ltr'><strong>renovare,</strong></span> <span class='ocrx_word' id='word_1_187' title='bbox 434 1783 500 1842; x_wconf 85' lang='lat' dir='ltr'><strong>cujus</strong></span> <span class='ocrx_word' id='word_1_188' title='bbox 514 1782 608 1828; x_wconf 89' lang='lat' dir='ltr'><strong>omnino</strong></span> <span class='ocrx_word' id='word_1_189' title='bbox 622 1783 655 1830; x_wconf 88' lang='lat' dir='ltr'><strong>rei</strong></span> <span class='ocrx_word' id='word_1_190' title='bbox 670 1781 805 1828; x_wconf 77' lang='lat' dir='ltr'><strong>memoriam</strong></span> 
     </span>
     <span class='ocr_line' id='line_1_27' title="bbox 135 1845 746 1909; baseline -0.003 -15"><span class='ocrx_word' id='word_1_191' title='bbox 135 1861 230 1894; x_wconf 90' lang='lat' dir='ltr'><strong>omnem</strong></span> <span class='ocrx_word' id='word_1_192' title='bbox 241 1846 292 1892; x_wconf 87' lang='lat' dir='ltr'><strong>tolli</strong></span> <span class='ocrx_word' id='word_1_193' title='bbox 301 1845 405 1893; x_wconf 82' lang='lat' dir='ltr'><strong>funditus</strong></span> <span class='ocrx_word' id='word_1_194' title='bbox 413 1861 440 1892; x_wconf 80' lang='lat' dir='ltr'><strong>ac</strong></span> <span class='ocrx_word' id='word_1_195' title='bbox 450 1845 520 1892; x_wconf 90' lang='lat' dir='ltr'><strong>deleri</strong></span> <span class='ocrx_word' id='word_1_196' title='bbox 530 1847 626 1894; x_wconf 82' lang='lat' dir='ltr'><strong>arbitror</strong></span> <span class='ocrx_word' id='word_1_197' title='bbox 637 1855 746 1909; x_wconf 79' lang='lat' dir='ltr'><strong>oportere.</strong></span> 
     </span>
     <span class='ocr_line' id='line_1_28' title="bbox 169 1909 803 1973; baseline -0.002 -16"><span class='ocrx_word' id='word_1_198' title='bbox 169 1910 256 1958; x_wconf 87' lang='lat' dir='ltr'><strong>XXII.</strong></span> <span class='ocrx_word' id='word_1_199' title='bbox 273 1910 355 1957; x_wconf 89' lang='lat' dir='ltr'><strong>Unum</strong></span> <span class='ocrx_word' id='word_1_200' title='bbox 363 1909 494 1957; x_wconf 78' lang='lat' dir='ltr'><strong>illuddioor</strong></span> <span class='ocrx_word' id='word_1_201' title='bbox 512 1910 540 1970; x_wconf 80' lang='lat' dir='ltr'><strong>si,</strong></span> <span class='ocrx_word' id='word_1_202' title='bbox 548 1919 640 1973; x_wconf 87' lang='lat' dir='ltr'><strong>propter</strong></span> <span class='ocrx_word' id='word_1_203' title='bbox 647 1910 748 1973; x_wconf 85' lang='lat' dir='ltr'><strong>partium</strong></span> <span class='ocrx_word' id='word_1_204' title='bbox 755 1917 803 1956; x_wconf 81' lang='lat' dir='ltr'><strong>etu-</strong></span> 
     </span>
     <span class='ocr_line' id='line_1_29' title="bbox 135 1973 801 2036; baseline -0.002 -15"><span class='ocrx_word' id='word_1_205' title='bbox 135 1975 211 2034; x_wconf 88' lang='lat' dir='ltr'><strong>dium,</strong></span> <span class='ocrx_word' id='word_1_206' title='bbox 218 1983 298 2036; x_wconf 80' lang='lat' dir='ltr'><strong>potens</strong></span> <span class='ocrx_word' id='word_1_207' title='bbox 309 1982 356 2021; x_wconf 81' lang='lat' dir='ltr'><strong>erat</strong></span> <span class='ocrx_word' id='word_1_208' title='bbox 364 1974 499 2036; x_wconf 80' lang='lat' dir='ltr'><strong>Alphenus3</strong></span> <span class='ocrx_word' id='word_1_209' title='bbox 516 1974 687 2036; x_wconf 81' lang='lat' dir='ltr'><strong>potentissimus</strong></span> <span class='ocrx_word' id='word_1_210' title='bbox 698 1973 801 2020; x_wconf 82' lang='lat' dir='ltr'><strong>Naeviue.</strong></span> 
     </span>
     <span class='ocr_line' id='line_1_30' title="bbox 136 2035 805 2102; baseline -0.004 -15"><span class='ocrx_word' id='word_1_211' title='bbox 136 2039 173 2096; x_wconf 80' lang='lat' dir='ltr'><strong>si,</strong></span> <span class='ocrx_word' id='word_1_212' title='bbox 183 2037 255 2086; x_wconf 84' lang='lat' dir='ltr'><strong>fretus</strong></span> <span class='ocrx_word' id='word_1_213' title='bbox 265 2038 347 2100; x_wconf 69' lang='lat' dir='ltr'><strong>gradi,</strong></span> <span class='ocrx_word' id='word_1_214' title='bbox 358 2039 488 2102; x_wconf 74' lang='lat' dir='ltr'><strong>postulabat</strong></span> <span class='ocrx_word' id='word_1_215' title='bbox 500 2037 588 2100; x_wconf 77' lang='lat' dir='ltr'><strong>aliquid</strong></span> <span class='ocrx_word' id='word_1_216' title='bbox 603 2037 705 2099; x_wconf 84' lang='lat' dir='ltr'><strong>iniquius</strong></span> <span class='ocrx_word' id='word_1_217' title='bbox 715 2035 805 2098; x_wconf 81' lang='lat' dir='ltr'><strong>Alphe-</strong></span> 
     </span>
     <span class='ocr_line' id='line_1_31' title="bbox 138 2102 676 2166; baseline -0.007 -15"><span class='ocrx_word' id='word_1_218' title='bbox 138 2117 200 2158; x_wconf 80' lang='lat' dir='ltr'><strong>nur;</strong></span> <span class='ocrx_word' id='word_1_219' title='bbox 217 2103 292 2149; x_wconf 85' lang='lat' dir='ltr'><strong>multo</strong></span> <span class='ocrx_word' id='word_1_220' title='bbox 298 2103 415 2166; x_wconf 79' lang='lat' dir='ltr'><strong>iniquiora</strong></span> <span class='ocrx_word' id='word_1_221' title='bbox 426 2102 521 2149; x_wconf 76' lang='lat' dir='ltr'><strong>Nervius</strong></span> <span class='ocrx_word' id='word_1_222' title='bbox 532 2102 676 2164; x_wconf 80' lang='lat' dir='ltr'><strong>impetrabat.</strong></span> 
     </span>
     <span class='ocr_line' id='line_1_32' title="bbox 136 2163 804 2230; baseline -0.003 -16"><span class='ocrx_word' id='word_1_223' title='bbox 136 2195 140 2204; x_wconf 84' lang='lat'><em>·</em></span> <span class='ocrx_word' id='word_1_224' title='bbox 170 2166 242 2226; x_wconf 86' lang='lat' dir='ltr'><strong>Quod</strong></span> <span class='ocrx_word' id='word_1_225' title='bbox 253 2167 272 2213; x_wconf 86' lang='lat' dir='ltr'><strong>si</strong></span> <span class='ocrx_word' id='word_1_226' title='bbox 286 2175 337 2214; x_wconf 87' lang='lat' dir='ltr'><strong>tum</strong></span> <span class='ocrx_word' id='word_1_227' title='bbox 347 2182 389 2230; x_wconf 79' lang='lat' dir='ltr'><strong>par</strong></span> <span class='ocrx_word' id='word_1_228' title='bbox 400 2166 442 2214; x_wconf 86' lang='lat' dir='ltr'><strong>tibi</strong></span> <span class='ocrx_word' id='word_1_229' title='bbox 450 2166 488 2226; x_wconf 74' lang='lat' dir='ltr'><strong>jus</strong></span> <span class='ocrx_word' id='word_1_230' title='bbox 496 2181 550 2213; x_wconf 87' lang='lat' dir='ltr'><strong>cum</strong></span> <span class='ocrx_word' id='word_1_231' title='bbox 560 2165 670 2228; x_wconf 86' lang='lat' dir='ltr'><strong>Alpheno</strong></span> <span class='ocrx_word' id='word_1_232' title='bbox 678 2163 748 2212; x_wconf 78' lang='lat' dir='ltr'><strong>fuisse</strong></span> <span class='ocrx_word' id='word_1_233' title='bbox 758 2179 804 2213; x_wconf 87' lang='lat' dir='ltr'><strong>non</strong></span> 
     </span>
     <span class='ocr_line' id='line_1_33' title="bbox 137 2229 805 2296; baseline -0.003 -18"><span class='ocrx_word' id='word_1_234' title='bbox 137 2239 216 2296; x_wconf 74' lang='lat' dir='ltr'><strong>putes,</strong></span> <span class='ocrx_word' id='word_1_235' title='bbox 228 2230 369 2294; x_wconf 62' lang='lat' dir='ltr'><strong>quittamen</strong></span> <span class='ocrx_word' id='word_1_236' title='bbox 380 2230 482 2293; x_wconf 72' lang='lat' dir='ltr'><strong>aliquem</strong></span> <span class='ocrx_word' id='word_1_237' title='bbox 493 2239 571 2278; x_wconf 78' lang='lat' dir='ltr'><strong>contra</strong></span> <span class='ocrx_word' id='word_1_238' title='bbox 585 2239 608 2277; x_wconf 87' lang='lat' dir='ltr'><strong>te</strong></span> <span class='ocrx_word' id='word_1_239' title='bbox 618 2229 727 2278; x_wconf 74' lang='lat' dir='ltr'><strong>advocare</strong></span> <span class='ocrx_word' id='word_1_240' title='bbox 736 2238 805 2292; x_wconf 86' lang='lat' dir='ltr'><strong>potu-</strong></span> 
     </span>
     <span class='ocr_line' id='line_1_34' title="bbox 135 2292 805 2358; baseline -0.006 -14"><span class='ocrx_word' id='word_1_241' title='bbox 135 2306 202 2352; x_wconf 79' lang='lat' dir='ltr'><strong>eret3</strong></span> <span class='ocrx_word' id='word_1_242' title='bbox 220 2295 280 2358; x_wconf 81' lang='lat' dir='ltr'><strong>quic·</strong></span> <span class='ocrx_word' id='word_1_243' title='bbox 296 2295 441 2358; x_wconf 77' lang='lat' dir='ltr'><strong>magistratus</strong></span> <span class='ocrx_word' id='word_1_244' title='bbox 459 2295 541 2358; x_wconf 74' lang='lat' dir='ltr'><strong>uliquis</strong></span> <span class='ocrx_word' id='word_1_245' title='bbox 562 2294 723 2357; x_wconf 80' lang='lat' dir='ltr'><strong>reperiebatur,</strong></span> <span class='ocrx_word' id='word_1_246' title='bbox 742 2292 805 2357; x_wconf 77' lang='lat' dir='ltr'><strong>apud</strong></span> 
     </span>
     <span class='ocr_line' id='line_1_35' title="bbox 154 2358 805 2422; baseline -0.002 -16"><span class='ocrx_word' id='word_1_247' title='bbox 154 2375 210 2408; x_wconf 87' lang='lat' dir='ltr'><strong>uem</strong></span> <span class='ocrx_word' id='word_1_248' title='bbox 220 2359 324 2421; x_wconf 86' lang='lat' dir='ltr'><strong>Alphcni</strong></span> <span class='ocrx_word' id='word_1_249' title='bbox 335 2374 402 2406; x_wconf 76' lang='lat' dir='ltr'><strong>causa</strong></span> <span class='ocrx_word' id='word_1_250' title='bbox 413 2359 556 2415; x_wconf 57' lang='lat' dir='ltr'><strong>consisterem</strong></span> <span class='ocrx_word' id='word_1_251' title='bbox 574 2358 631 2422; x_wconf 91' lang='lat' dir='ltr'><strong>quid</strong></span> <span class='ocrx_word' id='word_1_252' title='bbox 645 2359 689 2406; x_wconf 93' lang='lat' dir='ltr'><strong>hoc</strong></span> <span class='ocrx_word' id='word_1_253' title='bbox 704 2367 805 2422; x_wconf 85' lang='lat' dir='ltr'><strong>tempore</strong></span> 
     </span>
     <span class='ocr_line' id='line_1_36' title="bbox 182 2421 835 2486; baseline -0.002 -15"><span class='ocrx_word' id='word_1_254' title='bbox 182 2424 187 2434; x_wconf 90' lang='lat'>&#39;</span> <span class='ocrx_word' id='word_1_255' title='bbox 205 2423 237 2471; x_wconf 82' lang='lat' dir='ltr'><strong>tio</strong></span> <span class='ocrx_word' id='word_1_256' title='bbox 248 2423 395 2470; x_wconf 76' lang='lat' dir='ltr'><strong>statuendum</strong></span> <span class='ocrx_word' id='word_1_257' title='bbox 405 2425 458 2471; x_wconf 77' lang='lat' dir='ltr'><strong>eet?</strong></span> <span class='ocrx_word' id='word_1_258' title='bbox 475 2423 512 2470; x_wconf 89' lang='lat' dir='ltr'><strong>cui</strong></span> <span class='ocrx_word' id='word_1_259' title='bbox 523 2437 598 2486; x_wconf 87' lang='lat' dir='ltr'><strong>neque</strong></span> <span class='ocrx_word' id='word_1_260' title='bbox 608 2423 757 2484; x_wconf 74' lang='lat' dir='ltr'><strong>magistratus¹</strong></span> <span class='ocrx_word' id='word_1_261' title='bbox 764 2421 805 2469; x_wconf 82' lang='lat' dir='ltr'><strong>ad·</strong></span> <span class='ocrx_word' id='word_1_262' title='bbox 829 2459 835 2470; x_wconf 90' lang='grc'><em>,</em></span> 
     </span>
     <span class='ocr_line' id='line_1_37' title="bbox 133 2486 804 2550; baseline -0.013 -12"><span class='ocrx_word' id='word_1_263' title='bbox 133 2489 185 2538; x_wconf 88' lang='lat' dir='ltr'><strong>huc</strong></span> <span class='ocrx_word' id='word_1_264' title='bbox 202 2503 282 2550; x_wconf 65' lang='lat' dir='ltr'><strong>equus</strong></span> <span class='ocrx_word' id='word_1_265' title='bbox 297 2486 458 2546; x_wconf 60' lang='lat' dir='ltr'><strong>inventricem,</strong></span> <span class='ocrx_word' id='word_1_266' title='bbox 473 2503 548 2550; x_wconf 86' lang='lat' dir='ltr'><strong>neque</strong></span> <span class='ocrx_word' id='word_1_267' title='bbox 560 2486 674 2548; x_wconf 87' lang='lat' dir='ltr'><strong>judicium</strong></span> <span class='ocrx_word' id='word_1_268' title='bbox 689 2486 804 2533; x_wconf 85' lang='lat' dir='ltr'><strong>redditum</strong></span> 
     </span>
     <span class='ocr_line' id='line_1_38' title="bbox 132 2547 804 2613; baseline -0.015 -11"><span class='ocrx_word' id='word_1_269' title='bbox 132 2551 303 2602; x_wconf 55' lang='lat' dir='ltr'><strong>ausimum:</strong></span> <span class='ocrx_word' id='word_1_270' title='bbox 321 2565 367 2598; x_wconf 86' lang='lat' dir='ltr'><strong>uon</strong></span> <span class='ocrx_word' id='word_1_271' title='bbox 374 2551 481 2611; x_wconf 87' lang='lat' dir='ltr'><strong>conditio,</strong></span> <span class='ocrx_word' id='word_1_272' title='bbox 488 2565 535 2598; x_wconf 88' lang='lat' dir='ltr'><strong>non</strong></span> <span class='ocrx_word' id='word_1_273' title='bbox 542 2551 641 2613; x_wconf 76' lang='lat' dir='ltr'><strong>sponsio,</strong></span> <span class='ocrx_word' id='word_1_274' title='bbox 650 2564 696 2597; x_wconf 89' lang='lat' dir='ltr'><strong>non</strong></span> <span class='ocrx_word' id='word_1_275' title='bbox 707 2547 804 2612; x_wconf 84' lang='lat' dir='ltr'><strong>denique</strong></span> 
     </span>
     <span class='ocr_line' id='line_1_39' title="bbox 131 2614 805 2680; baseline -0.015 -14"><span class='ocrx_word' id='word_1_276' title='bbox 131 2617 297 2679; x_wconf 71' lang='lat' dir='ltr'><strong>uuuunquam</strong></span> <span class='ocrx_word' id='word_1_277' title='bbox 303 2614 428 2665; x_wconf 74' lang='lat' dir='ltr'><strong>intercessit</strong></span> <span class='ocrx_word' id='word_1_278' title='bbox 433 2615 564 2680; x_wconf 72' lang='lat' dir='ltr'><strong>postulatio,</strong></span> <span class='ocrx_word' id='word_1_279' title='bbox 572 2614 639 2661; x_wconf 84' lang='lat' dir='ltr'><strong>mitto</strong></span> <span class='ocrx_word' id='word_1_280' title='bbox 646 2627 720 2675; x_wconf 73' lang='lat' dir='ltr'><strong>teque,</strong></span> <span class='ocrx_word' id='word_1_281' title='bbox 725 2620 805 2658; x_wconf 83' lang='lat' dir='ltr'><strong>rerum</strong></span> 
     </span>
     <span class='ocr_line' id='line_1_40' title="bbox 167 2681 784 2739; baseline -0.002 -12"><span class='ocrx_word' id='word_1_282' title='bbox 167 2681 260 2739; x_wconf 79' lang='lat' dir='ltr'><strong>(Orat.)</strong></span> <span class='ocrx_word' id='word_1_283' title='bbox 272 2692 335 2728; x_wconf 75' lang='lat' dir='ltr'><strong>von.</strong></span> <span class='ocrx_word' id='word_1_284' title='bbox 346 2693 364 2728; x_wconf 89' lang='lat'><strong>1.</strong></span> <span class='ocrx_word' id='word_1_285' title='bbox 576 2727 578 2732; x_wconf 11' lang='grc' dir='ltr'>χ</span> <span class='ocrx_word' id='word_1_286' title='bbox 592 2689 610 2721; x_wconf 80' lang='lat' dir='ltr'><strong>u</strong></span> <span class='ocrx_word' id='word_1_287' title='bbox 783 2685 784 2690; x_wconf 77' lang='grc'>’</span> 
     </span>
    </p>
   </div>
   <div class='ocr_carea' id='block_1_5' title="bbox 0 0 918 2968">
    <p class='ocr_par' dir='ltr' id='par_1_6' title="bbox 0 0 918 2968">
     <span class='ocr_line' id='line_1_41' title="bbox 0 0 918 2968; baseline 0 0"><span class='ocrx_word' id='word_1_288' title='bbox 0 0 918 2968; x_wconf 95' lang='lat' dir='ltr'><strong> </strong></span> 
     </span>
    </p>
   </div>
  </div>
 </body>
</html>
