1820 2958
208 237 209 240 ,
250 195 289 246 ΙΝ
305 198 454 258 VERREM
470 198 506 248 11.
524 198 588 252 Gne,
601 199 642 246 38.
734 197 781 248 189

119 323 229 384 quomodo
244 325 397 390 Olrrysogono
407 343 508 392 expensa
521 327 569 374 lata
579 326 640 382 sint3
657 339 697 373 cur
707 324 732 372 id
742 339 786 374 no·

118 397 168 432 men
186 387 301 451 infimum,
322 391 346 438 iu
365 392 480 454 lintrique
498 392 537 451 sit,
558 406 599 438 vos
617 388 786 438 existimabitis.

118 446 205 517 Tamen
221 454 264 502 HS
280 463 385 504 sexcenta
399 457 539 504 milliacum
556 463 648 517 accepta
661 453 783 514 retulisset,

116 509 158 560 HS
168 517 270 581 quinque
280 519 354 566 millia
364 520 438 568 soluta
449 535 495 568 non
508 528 568 567 sunt.
587 518 710 577 Homines,
721 525 785 580 post-

116 591 210 638 eaquam
221 588 273 630 reus
283 583 357 631 factus
367 593 409 641 est,
427 584 466 631 alii
481 584 572 641 redditi,
589 583 629 630 alii
640 583 710 629 etiam
721 595 784 630 nune

115 642 252 702 retinentum
270 649 360 710 peculia
370 649 483 708 omnium,
495 648 627 710 vicariique,
638 647 772 694 retinentur.

143 705 281 780 llxxvii
299 712 358 759 Haec
375 720 408 760 est
425 713 490 760 istius
509 713 617 776 preclare
631 711 711 758 tutela.
734 709 783 770 En,

115 783 150 820 cut
164 780 214 822 tuos
228 775 312 824 liberos
327 777 472 826 committas!
491 792 519 824 en
530 776 641 823 memoria
651 773 737 822 mortui
747 789 784 821 so-

115 832 185 883 dalis!
202 853 231 885 en
245 849 322 888 metus
336 840 441 888 vivorum
455 839 644 888 existimationis!
663 839 725 887 eum
739 837 783 886 tibi

114 911 137 950 te
153 907 199 950 tota
216 903 277 950 Asia
293 904 436 966 spoliandam
451 920 478 952 ac
495 905 623 952 vexandam
639 903 781 960 tradidissem

113 975 164 1020 cum
175 967 218 1014 tibi
228 969 332 1031 exposita
343 976 400 1016 esset
414 969 489 1016 omnis
505 969 536 1016 ad
549 967 700 1032 praedandum
711 967 783 1014 Pam·
843 1005 847 1016 .

112 1026 205 1090 phylis;
222 1041 343 1080 contentus
356 1032 393 1079 his
403 1041 452 1080 tam
463 1033 546 1096 opimis
556 1035 624 1080 rebus
638 1045 685 1079 nun
697 1031 782 1078 fuisti?

113 1089 199 1142 Manus
208 1111 223 1142 a
234 1097 315 1157 tuteli,
332 1111 415 1147 manus
430 1113 445 1144 a
458 1097 556 1160 pupillo,
572 1111 656 1144 manus
670 1112 685 1142 a
700 1093 783 1143 sodalis

112 1153 166 1216 filio,
177 1161 290 1216 abstinere
301 1176 346 1208 non
357 1161 470 1223 potuisti?
487 1161 544 1208 Jam
553 1169 576 1206 te
586 1174 632 1206 non
644 1159 724 1218 Siculi,
736 1173 783 1205 non

112 1229 207 1282 aratores
219 1228 256 1284 (ut
264 1225 374 1284 dictitas),
384 1224 581 1280 circumveniunt3
600 1237 646 1270 non
653 1222 687 1281 hi,
699 1221 740 1284 qui
745 1222 788 1270 de-

112 1285 174 1338 πᾶα
185 1288 311 1352 edictisque
325 1288 371 1340 tuis
386 1289 411 1336 iu
427 1298 449 1336 te
464 1288 569 1336 concitati
579 1286 702 1349 inteseque
712 1294 783 1334 sunta

111 1345 235 1405 Malleolus
249 1369 265 1400 a
278 1368 317 1401 me
331 1353 455 1416 productus
470 1362 512 1412 est,
530 1361 552 1400 et
565 1359 639 1398 mater
653 1351 703 1410 ejus
713 1358 783 1412 atque

111 1413 168 1472 avia,
190 1433 243 1480 quae
267 1417 364 1476 munos,
382 1417 591 1476 flentee‚xeversum
609 1431 625 1462 a
643 1423 665 1462 te
682 1429 783 1478 puerum

110 1479 187 1539 patriis
194 1481 262 1529 bonis
273 1497 320 1529 esse
330 1482 446 1529 dixemm.
463 1481 530 1542 Quid
537 1481 671 1544 exspectas?
683 1493 713 1526 an
724 1479 782 1528 dum

110 1542 227 1594 abuteris
238 1545 278 1592 ille
289 1545 415 1593 Malleolus
425 1546 527 1606 exsistat,
542 1554 614 1608 atque
624 1546 665 1592 abs
675 1553 698 1591 te
708 1543 784 1592 officia

109 1607 193 1668 mtelae,
205 1609 341 1669 sodalitatis,
349 1609 564 1674 familiaritatisque,
575 1608 681 1672 flagitet?
698 1609 782 1671 Ipsum

109 1679 188 1732 putato
195 1673 282 1730 adessa
296 1674 375 1721 Homo
382 1673 512 1722 avarisu'me
520 1683 543 1722 et
551 1673 702 1736 spurcissime,
711 1671 782 1719 redde

15 1745 21 1754 ·
110 1735 169 1793 bona
179 1737 263 1786 sodalis
274 1737 337 1799 filio;
349 1737 368 1785 si
378 1753 489 1854 nonqiqre
499 1737 620 1796 abstulisti,
630 1746 654 1786 at
664 1751 716 1800 quoe
726 1751 781 1784 con·

110 1797 223 1854 fessuses·
251 1801 372 1864 Gurcogis
388 1802 428 1854 sod
485 1801 560 1854 filiurn
574 1800 781 1864 hancprimamin

110 1861 157 1911 foro
168 1879 249 1912 vocun
259 1881 313 1916 curn
324 1867 402 1914 dolore
413 1875 436 1914 et
446 1865 589 1930 querimoniis
602 1865 723 1914 emittere?
740 1878 782 1912 eur

110 1927 191 1977 sodalis
202 1945 308 1992 uxorem,
326 1930 409 1978 sodalis
419 1946 518 1990 socrum,
529 1930 625 1977 domurn
637 1927 690 1976 deni
706 1943 736 1974 ue
746 1935 782 1974 to-

109 1997 157 2044 tam
172 1993 256 2040 sodalis
273 1994 366 2054 mortui,
384 2003 462 2042 contra
476 2003 499 2042 te
515 1993 672 2041 testimonium
704 1991 780 2038 'cerei

110 2053 158 2110 Cur
167 2057 345 2120 pudentissimas
354 2059 533 2122 lectissimasque
543 2057 640 2105 feminas
651 2056 675 2102 in
690 2063 781 2102 tantum

109 2119 209 2174 virorum
219 2131 365 2182 conventum,
383 2123 485 2178 insolitas
495 2121 631 2184 invitasque,
643 2119 733 2182 prodire
743 2133 783 2166 oo-

109 2183 162 2244 gis?
179 2186 262 2234 Recita
272 2187 377 2233 omnium
388 2185 525 2234 testimonia.

244 2253 427 2305 (Testimonium
438 2253 521 2302 matris
531 2255 554 2298 ct
564 2251 643 2308 ovis.)

111 2368 114 2373 ,
140 2311 293 2368 XXXVIII.
306 2316 352 2364 Pro
363 2325 474 2379 quaestore
482 2330 535 2362 vero
543 2313 658 2376 quomodo
666 2313 708 2360 iste
716 2328 780 2360 eorn-

110 2389 180 2424 mune
195 2379 329 2442 Milyadum
344 2379 441 2437 venierit,
457 2378 572 2442 quomodo
587 2377 694 2441 Lyciam,
708 2378 780 2425 Pam-

109 2439 221 2503 phyliam,
239 2443 359 2502 Pisidiam,
378 2442 550 2506 Phrygiamque
566 2450 647 2501 totam,
663 2441 779 2490 frumento

109 2503 252 2567 imperando,
264 2507 406 2566 aestimando,
417 2508 460 2554 hac
471 2507 514 2554 sui
524 2510 606 2569 (quam
617 2515 667 2553 tum
676 2505 779 2569 primum

109 2569 255 2632 excogitavit)
266 2571 378 2620 Siciliensi
389 2571 537 2619 estimatione
551 2569 667 2626 afflixerit,
683 2584 730 2616 uon
745 2577 779 2616 est

109 2644 198 2682 neeesse
209 2633 363 2683 demonstrare
374 2635 455 2683 verbis.
484 2635 537 2682 Hoc
547 2633 639 2682 scitotes
656 2633 693 2680 his
703 2631 780 2702 nomi·

109 2695 186 2761 ribus,
203 2701 266 2764 (quae
277 2715 312 2749 res
322 2714 363 2764 per
373 2713 427 2748 eum
440 2707 512 2764 gesto
521 2706 584 2758 sunt,
601 2712 655 2766 cum
667 2696 710 2744 iste
723 2693 781 2762 ciu-
