1820 2958
138 168 185 220 18⁰
276 169 317 220 IN
332 169 482 222 VERREM
498 169 535 220 ΙΙ.
552 170 616 220 Car.
627 163 667 221 tsi

134 299 198 365 quod
209 299 283 348 acrius
298 300 419 364 imperavi,
433 299 496 366 quod
511 293 671 358 aniniudrmi
683 297 746 364 quod
760 299 809 348 mi-

134 373 270 413 natussum.
288 365 350 423 Quae
360 366 379 414 si
389 364 481 422 diceret,
492 373 570 412 tamen
581 365 667 427 ignosci
680 379 727 412 non
738 378 807 428 oport

128 437 199 488 iteret,
211 429 239 488 si,
249 430 317 476 nimia
328 430 432 477 atrociter
442 429 577 492 imperando
588 429 661 488 sociis,
679 428 704 476 iu
712 429 817 477 tannam'

133 493 246 542 adductus
256 494 384 557 periculum
396 493 516 541 videretur.

165 557 291 606 XXVIII.
306 557 386 616 Nunc,
395 558 506 620 cumipse
514 571 606 605 causam
616 557 679 605 illius
690 558 806 606 tumultis

129 635 205 732 titt
211 620 805 749 lffiffiffiffliliiiiliiffiiii

131 763 212 797 census
231 749 257 796 Ο.
274 749 363 798 Neroni
379 750 433 809 fuit,
453 749 481 796 P.
493 749 593 807 Tettius,
611 749 661 797 luco
680 751 761 799 eadem
778 765 803 799 se

130 812 255 876 Lampsaci
266 816 373 875 cognosse
384 814 480 870 dixerit:
495 814 531 861 vir
540 814 648 861 omnibus
658 816 728 863 reboo
735 829 804 864 orna·

130 877 241 936 tissimus,
253 877 280 925 G.
290 878 374 937 Varro,
386 879 427 941 qui
442 887 493 925 tum
507 878 532 924 in
547 879 607 925 Asis
621 879 730 927 tribunus
740 880 804 927 mili·

129 949 181 988 tum
192 941 245 999 fuit,
256 942 305 990 haec
316 941 395 990 eadem
410 943 461 1005 ipsa
475 957 499 990 se
513 957 542 990 ex
558 941 697 990 Philodamo
710 945 803 992 audin

127 1005 212 1062 dicata
230 1007 323 1068 potestis
342 1006 455 1065 dubitare,
475 1006 532 1070 quin
551 1006 623 1054 istum
642 1007 736 1055 fortuna
755 1023 802 1057 non

128 1077 178 1118 tam
189 1085 218 1118 ex
231 1069 272 1118 illo
286 1070 387 1134 periculo
401 1070 487 1134 eripere
502 1070 607 1129 voluerit,
619 1087 691 1135 quam
707 1073 738 1120 ad
753 1089 803 1121 ves-

128 1143 192 1183 trum
212 1134 325 1197 judicium
344 1137 477 1183 reservare?
505 1135 559 1182 Nisi
577 1150 631 1182 vero
652 1136 713 1184 illud
732 1137 801 1198 dicet,

128 1200 191 1264 quod
202 1209 224 1249 et
234 1199 258 1247 in
270 1200 398 1248 testimonio
408 1199 490 1256 Tettii,
502 1199 576 1262 priore
584 1200 680 1258 achone,
692 1201 803 1265 inter-pel.
867 1220 871 1228 ·

127 1265 184 1314 Iuvit
199 1265 350 1312 Hortensius:
371 1268 428 1328 (quo
443 1271 546 1326 tempore
561 1263 656 1326 quidem
670 1264 731 1327 signi
747 1267 802 1315 satis

127 1330 199 1390 dedit,
211 1331 230 1378 si
241 1329 297 1392 quid
308 1337 373 1385 esset,
386 1327 448 1392 quod
455 1336 531 1390 posset
541 1327 624 1386 dicere,
636 1344 660 1376 sc
670 1337 746 1378 tacere
753 1345 801 1378 non

126 1409 207 1457 posse;
225 1405 260 1452 ut,
276 1392 387 1456 quomdiu
403 1393 427 1439 In
442 1392 529 1440 coeteris
543 1394 611 1440 rebus
625 1393 730 1452 umeris,
744 1395 802 1443 scire

126 1469 206 1504 omnes
223 1471 349 1520 possemus,
367 1457 426 1504 nihil
442 1456 549 1505 habuisse
565 1457 628 1520 quod
644 1456 740 1516 diceret)
757 1459 802 1508 hoe

125 1529 177 1567 tum
188 1521 256 1580 dixit,
272 1520 436 1568 Philodamum
452 1529 475 1568 et
490 1523 539 1582 ejus
553 1521 628 1568 lilium
638 1537 653 1568 a
664 1522 692 1570 C.
705 1523 801 1572 Nerone

125 1599 173 1632 esse
184 1584 310 1631 damnatos.
334 1583 371 1632 De
386 1601 433 1647 quo
446 1599 477 1632 ne
490 1585 565 1633 multa
575 1585 693 1644 disserm
705 1595 799 1636 tuntum

123 1647 185 1704 dioc,
200 1657 304 1696 secutum
318 1648 343 1695 id
359 1664 407 1696 esse
421 1650 547 1707 Neronem,
562 1659 585 1698 et
600 1651 650 1711 ejus
664 1652 797 1706 eonsilium,

124 1711 188 1776 quod
206 1712 340 1760 Cornelium
358 1712 462 1761 lictorem
480 1714 581 1762 occisum
600 1729 648 1762 esse
666 1725 795 1764 constarets

123 1775 217 1840 petisse
227 1791 272 1824 non
284 1785 386 1839 oportere
397 1793 444 1826 esse
455 1779 572 1842 cuiquam,
584 1794 614 1827 nc
626 1779 652 1826 in
665 1780 798 1829 urimenus
903 1804 905 1814 ¹

123 1841 218 1912 quidem
236 1841 329 1903 injurii,
347 1841 447 1890 hominis
462 1843 578 1890 occidendi
595 1852 739 1906 potestatem.
765 1846 796 1894 ln

123 1920 170 1976 quo
186 1906 260 1962 video,
279 1906 379 1953 Neronis
394 1907 481 1966 judicio
497 1921 545 1955 non
561 1915 584 1954 te
599 1907 732 1956 absolutum
747 1925 795 1958 esee

122 1971 284 2050 improbitatis,
296 1970 336 2018 sed
346 1970 398 2017 illos
408 1971 528 2047 danmotos
543 1987 590 2046 esse
604 1971 678 2048 cadis.
703 1973 795 2022 Verum

118 2036 291 2164 &332qu
300 2035 795 2157 ‘iln‘ioffild'niihhiiss‘tqlffl

121 2167 177 2224 dite,
189 2165 219 2212 ali
236 2165 276 2212 uid
286 2166 323 2212 his
333 2164 358 2210 in
369 2163 444 2212 vestris
453 2163 499 2210 fide
509 2164 609 2226 presidii
619 2179 667 2212 esse
674 2174 788 2228 oportere·

152 2181 252 2276 XXIII.
272 2228 344 2286 Quod
360 2227 403 2276 toti
419 2227 484 2275 Aua
499 2229 551 2287 jure
566 2228 653 2276 occisus
670 2229 792 2279 videbatur

120 2293 185 2340 istius
196 2293 243 2348 ille,
252 2295 321 2340 verbo
329 2292 403 2351 lictor,
412 2306 437 2339 rc
444 2291 498 2339 veri
504 2291 608 2339 minister
616 2292 793 2356 improbissime
897 2347 898 2350 Ἴ

120 2355 266 2416 cupiditatisc
283 2356 403 2418 pertimuit
413 2356 464 2416 iste,
479 2371 510 2403 ne
525 2355 676 2404 Philodamus
691 2357 793 2407 Neronis
897 2385 898 2404 t

118 2417 205 2479 judicio
214 2418 355 2466 liberaretur.
376 2419 454 2482 Ilogat
464 2428 487 2467 et
497 2429 547 2467 orat
556 2420 713 2479 Dolabellam,
725 2430 752 2470 ut
762 2422 793 2471 de

120 2481 163 2528 suit
178 2479 294 2541 provinciis
309 2481 417 2537 decedet:
438 2483 468 2530 ad
485 2484 602 2532 Neronem
620 2486 790 2547 pmlioisraturc

119 2559 143 2591 se
156 2543 296 2590 demonstrat
309 2545 449 2593 ineolumem
464 2563 512 2595 esse
526 2563 572 2596 non
589 2563 662 2612 posse,
678 2549 791 2598 siPhiloa

117 2607 187 2654 dumo
198 2604 280 2660 vivere,
292 2617 362 2671 atque
376 2609 500 2673 aliquando
515 2612 617 2660 Romam
633 2613 719 2673 venire,
730 2615 791 2662 licu-

114 2669 177 2720 tuot
194 2668 330 2718 Commotus
339 2680 374 2719 est
387 2671 525 2726 Dolabellas
534 2676 589 2726 lecit
598 2677 632 2736 id,
643 2677 710 2742 quod
719 2678 792 2729 mulsi
