1820 2958
150 241 198 288 elo
288 237 328 288 IN
344 235 493 290 VERREM
510 237 545 288 11.
563 237 627 288 Gur.
639 239 679 288 58.

148 380 221 430 cente,
237 379 331 435 questus
345 377 395 428 ectr
412 376 435 418 et
448 381 488 416 me
502 368 643 433 populariter
658 383 732 432 egere,
747 377 823 434 atque

147 436 257 484 invidiam
268 449 419 492 commovere,
427 434 490 496 quod
497 447 596 496 puerum
604 433 764 495 producerem,
773 437 823 483 cla·

147 500 244 548 miravit.
268 499 333 558 Quid
344 508 401 557 eret,
413 497 531 558 Hortensi,
542 495 636 544 tandem
651 497 676 544 in
689 497 731 545 sslo
744 514 821 562 puero

146 564 275 629 populare?
284 563 341 627 quid
352 562 490 609 invidiosum
500 564 511 609 i
527 561 634 619 Gracchi,
643 561 719 620 crerlo,
727 564 820 611 autSa·

146 629 243 687 turnini,
255 636 296 675 aut
308 627 405 686 alicujus
417 625 517 672 hominis
528 625 649 685 ejusmodi,
661 625 820 687 produxeram

146 693 231 748 lilium,
245 700 272 738 ut
286 691 379 737 nomine
393 690 452 753 ipso,
469 698 491 736 et
504 689 617 736 memorii
630 689 711 752 patris,
727 691 820 739 animos

145 755 258 818 imperita
274 754 430 802 multitudinis
449 753 592 800 concitarem.
621 753 650 800 P.
670 753 739 801 lunii
759 764 818 815 erat,

145 819 245 866 hominis
259 819 289 866 de
305 819 372 881 plebe
384 815 498 875 Romani,
514 817 584 875 filius,
599 827 673 880 quem'
684 827 752 880 pater
766 833 819 867 mo-

143 883 204 930 riens
214 891 266 929 tum
277 884 390 929 tutoribus
401 891 424 929 et
434 881 578 944 propinquis,
590 888 642 928 tum
652 882 753 944 legibue,
765 892 818 931 turn

144 947 247 1010 aequitati
265 947 451 1008 magistratuum,
471 955 521 992 tum
537 945 631 1005 iudiciis
647 947 735 1004 vestris,
753 963 818 994 com.

142 1010 300 1058 mendandum
314 1010 411 1073 putavit.
435 1007 490 1067 Hic,
502 1009 567 1056 istius
582 1009 690 1056 sceleratis
704 1011 818 1060 locatione

142 1075 274 1138 nefarioque
284 1074 410 1133 latrocinio,
420 1074 486 1120 bonis
492 1073 572 1136 patriis
582 1074 728 1185 fortunisqr'rle
738 1076 816 1122 omni·

141 1140 186 1188 bus
203 1139 321 1203 spoliatus,
341 1139 404 1186 venit
422 1137 447 1184 in
462 1137 594 1198 judicium
619 1138 638 1185 si
660 1138 683 1185 n‘
704 1138 710 1148 ’
740 1139 813 1199 aliud,

142 1205 232 1264 saltem,
243 1213 270 1251 ut
280 1219 343 1260 eum,
354 1204 421 1263 cuius
431 1201 501 1264 operia
511 1201 560 1264 ipse
570 1201 656 1249 multos
664 1215 738 1250 annos
746 1213 780 1252 est
787 1204 813 1251 in

141 1269 254 1326 sordibus,
271 1269 341 1332 paulo
359 1275 436 1314 tamen
454 1266 578 1313 obsoletius
594 1265 702 1313 vestitum
719 1267 814 1315 videret

142 1331 225 1396 Itaque
234 1333 285 1389 tibi,
294 1331 411 1389 Hortensi,
419 1345 465 1377 non
476 1330 540 1377 illius
550 1339 613 1388 retas,
625 1330 664 1378 sed
675 1345 753 1390 causa,
765 1347 813 1380 non

140 1397 243 1454 vestitus,
255 1396 294 1443 sed
309 1396 409 1453 fortuna,
420 1394 537 1458 popularis
552 1394 686 1442 videbatur:
704 1410 779 1459 neque
789 1405 814 1445 te

140 1467 187 1506 tam
195 1462 362 1519 commovebat,
371 1458 434 1522 quod
444 1459 483 1506 ille
489 1473 543 1506 cum
550 1459 604 1521 togi
610 1459 731 1522 praetexti,
740 1475 812 1524 quam
835 1473 838 1481 ’

105 1561 109 1570 .
139 1522 202 1584 quod
220 1523 355 1581 sinebulli,
372 1533 470 1570 venerat.
496 1522 599 1571 Vestitus
612 1523 673 1570 enirn
692 1526 811 1574 nminem

139 1588 297 1634 commovebat
314 1586 342 1645 is,
360 1603 430 1650 quem
449 1587 484 1634 illi
500 1601 559 1644 mos,
572 1595 595 1634 et
610 1589 648 1648 ius
663 1588 812 1650 ingenuitatis

137 1649 215 1697 dabat.
239 1649 310 1708 Quod
327 1660 488 1698 ornamentum
505 1651 609 1714 pueritiae
624 1661 690 1714 pater
706 1653 808 1716 dederat,

138 1714 249 1762 indicium
261 1723 330 1778 atque
340 1714 429 1778 insigne
439 1716 545 1776 fortunae,
556 1715 600 1763 hoc
610 1717 640 1763 ab
648 1717 693 1764 isto
699 1718 806 1780 predone
898 1765 899 1769 ,

137 1787 242 1842 ereptum
257 1795 313 1839 esse,
328 1779 426 1843 graviw
437 1788 459 1827 et
474 1782 553 1828 acerbe
566 1779 671 1828 homines
690 1781 802 1830 ferebant.
897 1791 898 1822 1

139 1844 223 1908 Neque
240 1853 305 1892 erant
322 1844 359 1891 hoe
376 1845 484 1907 lacrymae
499 1844 620 1908 populares
635 1845 720 1907 magis,
738 1862 809 1910 quam
897 1849 898 1860 ¹

138 1918 229 1967 nostrae,
241 1923 312 1972 quam
326 1918 381 1966 tuse,
394 1908 425 1967 Q.
438 1908 556 1968 Hortensi,
572 1923 643 1972 quam
658 1909 753 1969 horum,
768 1911 809 1975 qui

137 1974 273 2022 sententiam
290 1973 360 2020 laturi
378 1981 446 2020 sunt:
465 1973 524 2033 ideo,
544 1971 607 2036 quod
625 1975 757 2022 communis
775 1985 809 2024 est

136 2053 214 2098 causa,
224 2053 348 2086 commune
361 2037 498 2101 periurium,
515 2038 634 2084 communi
642 2038 748 2102 prasidio
756 2041 808 2089 talis

136 2102 280 2166 improbitas,
303 2111 424 2166 tamquam
445 2101 539 2164 aliquod
561 2101 703 2160 incendium,
727 2104 807 2152 restin.

135 2167 228 2230 guenda
238 2176 278 2214 est.
293 2167 414 2214 Habemus
421 2167 483 2213 enim
491 2166 573 2212 liberos
584 2181 679 2228 parvos:
693 2167 806 2217 incertum

136 2240 178 2286 est,
196 2245 268 2294 quam
283 2231 353 2293 longa
366 2233 469 2277 nostrum
484 2231 596 2292 cujusque
611 2230 659 2278 vita
674 2230 754 2279 futura
769 2233 805 2281 sit.

137 2293 263 2340 Consulere
274 2294 320 2341 vivi
327 2311 354 2342 ec
364 2295 491 2357 prospicere
507 2295 626 2353 debemus,
635 2302 663 2341 ut
669 2295 763 2343 illorum
771 2313 808 2346 so.

135 2355 209 2402 litudo
220 2365 243 2403 et
256 2359 353 2419 pueritia
367 2373 438 2422 quam
451 2357 581 2406 firmissimo
594 2359 701 2421 presidio
716 2361 806 2410 munita
893 2357 895 2404 Ῐ

136 2419 172 2466 sit.
197 2418 257 2477 Quis
272 2429 306 2468 est
320 2422 391 2481 enim,
402 2423 444 2484 qui
455 2422 513 2469 tueri
526 2423 596 2485 possit
606 2423 706 2471 nouom
717 2433 805 2474 noenu·

135 2497 189 2528 rum
199 2483 321 2544 pueritiam
333 2495 410 2534 contra
420 2486 589 2549 improbitatem
606 2487 803 2550 magistratuum?
892 2527 893 2536 ,

135 2545 222 2603 Mater,
236 2547 309 2594 credo.
333 2549 424 2597 Scilicet
437 2565 523 2613 magno
537 2552 642 2614 prasidio
657 2552 703 2600 fuit
717 2554 804 2604 Annio

151 2609 229 2671 upillae
243 2620 324 2668 mater,
339 2613 425 2661 femina
439 2615 563 2677 primaria:
581 2617 667 2676 minus,
676 2617 727 2665 -illt
742 2618 804 2668 Deos

164 2672 282 2735 minusque
292 2674 436 2738 implorante,
447 2678 490 2726 iste
497 2679 580 2727 infanti
592 2681 690 2744 pupille
701 2682 804 2734 fortunas

131 2735 217 2798 patrias
232 2735 338 2786 adunit?
358 2739 487 2794 Tutoreme
503 2743 671 2794 defenderent?
689 2746 803 2806 Perfacile
