1824 2956
254 127 306 200 -m
322 138 471 201 vunnun
488 151 534 203 ιν.
546 153 612 202 ors.
623 154 663 202 us.
743 135 790 204 uri

121 276 180 328 crim
190 277 274 328 virtute
284 288 307 328 ct
317 281 436 329 nobilitate
443 281 507 330 domi
517 297 573 340 sun,
582 290 633 330 tum
644 281 713 330 mum
724 297 794 346 pecu-

123 342 173 400 nu,
189 343 301 408 princeps.
325 345 389 393 Huic
406 345 503 401 homini,
518 347 615 408 judices,
630 346 794 396 honesussirnae

121 407 221 456 ciuitstis
227 407 392 467 honestissimo,
401 425 448 457 non
458 409 527 458 modo
535 411 645 458 frumeuti
656 411 742 470 scitote,
754 411 794 460 scd

121 471 193 520 etiam
205 471 257 519 vitu
269 481 292 520 et
302 473 427 536 sanguinis,
438 482 529 522 tantum
539 475 644 522 relictum
653 491 708 532 esse,
720 489 794 549 quan-

122 544 176 584 nuu
187 535 288 599 Apronii
297 537 370 584 libido
380 538 448 586 tulit:
473 553 528 586 num
544 539 575 597 vi,
586 539 657 598 mulo,
668 539 742 602 pldgrs
753 540 794 586 sd-

121 598 207 648 ductus
217 609 259 659 est,
271 608 297 648 ut
307 601 418 649 frumenti
428 602 500 663 daret,
509 617 555 650 non
566 612 680 666 quantum
691 601 793 666 haberet,
836 668 838 676 Ι

122 663 165 712 scd
176 672 290 727 quantum
301 673 424 728 cogeretur.

156 729 280 788 Sostratus,
298 737 321 776 et
332 730 473 790 Numenius,
489 737 512 778 et
527 729 717 796 Nymphodorus,
733 733 794 793 ejus·

122 791 179 842 dem
198 792 304 853 civitatis,
322 809 376 841 cum
395 809 424 841 ex
442 795 502 857 egris
520 803 565 842 tres
581 795 661 844 fratres
681 805 794 845 consortes

121 855 287 920 profligissent,
302 857 365 920 quod
382 858 411 905 iis
427 859 480 921 plus
496 857 607 907 frumenti
628 861 792 923 imperabatur,

122 935 197 984 quem
208 929 323 983 quantum
331 922 608 978 exerirnut;'hominibus
619 923 709 984 coactis,
720 925 744 972 in
756 941 794 973 eo-

121 999 178 1032 rum
190 985 303 1033 arationes
312 986 431 1048 Apronius
442 987 517 1043 renit;
533 1003 602 1035 omne
615 988 794 1037 instrumentum

121 1048 236 1112 diripuitt
256 1049 369 1096 familiam
380 1051 493 1107 abduxit3
513 1067 583 1114 pecus
594 1051 676 1116 abegit.
702 1051 794 1116 Postea,

121 1127 179 1161 cum
189 1112 220 1160 sd
230 1128 285 1160 eum
296 1114 477 1178 Nymphodorus
487 1116 584 1163 ruisset
593 1116 700 1174 AEtnum,
712 1125 735 1164 et
745 1133 795 1166 ors-

122 1185 168 1235 ret,
179 1184 207 1223 ut
223 1175 267 1224 sibi
282 1193 323 1225 sus
341 1179 527 1234 restituerenturr
544 1179 661 1227 hominem
671 1181 752 1244 corripi
767 1195 793 1230 ec

123 1241 234 1304 suspendi
245 1241 314 1302 jussit
328 1242 353 1288 in
366 1243 462 1290 oleastro
476 1242 591 1306 quodsmr
608 1259 661 1307 quae
676 1254 709 1291 est
719 1247 795 1306 arhor,

121 1305 221 1367 judices,
237 1305 262 1352 iu
278 1306 335 1354 foro.
355 1306 459 1354 Tamdiu
475 1307 584 1370 pependit
593 1307 618 1354 iu
629 1309 708 1356 arbore
723 1309 796 1357 socius

122 1369 259 1434 amicusque
268 1371 350 1434 populi
359 1371 470 1431 Romani,
481 1371 505 1418 in
514 1372 625 1419 sociorum
636 1373 693 1420 urbe
703 1388 730 1420 uc
737 1373 794 1434 foro,

122 1433 219 1546 ἣρως
233 1428 353 1499 ireturque
367 1443 448 1497 vester,
459 1435 571 1498 quamdiu
580 1437 685 1484 voluntas
695 1435 796 1501 Apronii

170 1507 186 1544 l·

128 1593 130 1596 -
158 1562 250 1611 Genera
266 1563 406 1624 jamdudum
424 1563 628 1614 innumerabilium
647 1565 795 1628 injuriarum,

128 1625 227 1689 judiees,
239 1627 335 1691 singulis
345 1628 477 1677 numinrhus
486 1631 589 1694 meiero:
608 1631 723 1679 infinitam
733 1633 796 1678 mul·

126 1691 251 1740 titudinem
264 1692 401 1754 injuriarum
411 1695 567 1757 pretermitto.
595 1695 645 1744 Vos
655 1703 709 1742 ante
719 1696 796 1744 oculos

122 1755 263 1820 munusque
272 1766 357 1805 vestros
367 1757 416 1804 toti
426 1758 503 1806 Siuliri
513 1759 692 1806 decumanorum
702 1759 744 1806 hos
752 1759 797 1806 irn-

126 1828 204 1931 penre,
214 1829 339 1895 ,mutorum
354 1821 499 1896 direptiones,
510 1822 580 1882 hujus
590 1821 796 1896 importunitatem,

122 1898 367 1998 minutis.
374 1894 511 2012 filiis
522 1885 798 2013 &meridiali

125 2011 247 2061 humentes
261 2013 318 2073 fore,
329 2021 352 2060 et
363 2029 403 2062 ros
413 2027 492 2062 eorum
502 2013 598 2074 injurias
608 2013 688 2061 leviter
702 2013 797 2072 laturos,

121 2076 275 2125 uisfimsvit.

160 2139 259 2190 XXIV.
276 2141 349 2189 Esto:
374 2141 457 2189 falsum
469 2141 498 2188 de
508 2141 554 2189 illis
564 2141 647 2189 habuit
657 2140 797 2204 opinionem,

124 2205 214 2255 mulum
225 2205 338 2254 devobisr
357 2215 523 2264 verumtamen,
535 2221 589 2253 cum
600 2205 629 2253 de
641 2205 725 2253 Siculis
736 2205 798 2254 mule
822 2207 829 2215 “

124 2278 261 2328 mereretur,
269 2270 328 2318 ciues
339 2271 457 2318 Romunm
467 2271 546 2328 coluit,
555 2270 591 2318 his
601 2269 705 2328 indulsit,
718 2283 797 2317 eorum

124 2334 241 2382 voluntati
252 2344 274 2382 et
282 2335 361 2397 grstioe
369 2334 459 2382 deditus
469 2333 520 2382 fuit
538 2335 586 2382 iste
594 2334 654 2382 cives
662 2335 797 2382 Romanos?

124 2397 164 2446 At
180 2398 251 2445 nullis
267 2398 381 2446 inimicior
396 2407 436 2445 rut
447 2397 549 2446 infestior
559 2399 611 2446 fuit.
628 2397 701 2446 Mitto
711 2398 796 2456 vincle,

123 2461 195 2510 mitto
201 2477 321 2521 carcerem,
330 2464 398 2510 mitto
406 2465 508 2521 verbera,
518 2463 585 2510 mitto
594 2477 695 2510 secures:
708 2475 796 2510 crucem

122 2525 227 2589 denique
244 2526 309 2573 illam
325 2527 483 2590 praeternrittu,
496 2541 566 2590 quum
586 2526 673 2575 civibus
684 2527 797 2574 Romanis
869 2543 872 2553 ¹

122 2591 364 2639 wetemhumunitutis
372 2591 396 2639 in
407 2606 445 2639 eos
456 2607 482 2638 ac
492 2591 655 2639 benevolentis
666 2607 714 2639 suae
724 2590 797 2638 voluit

116 2669 185 2704 esses
202 2654 280 2716 mitto,
294 2655 400 2718 inquam,
411 2654 462 2704 hnc
471 2655 557 2716 omnis,
568 2663 638 2720 etque
648 2656 673 2703 in
686 2653 751 2702 eliud
761 2652 797 2699 di'·
