1824 2956
239 141 281 192 nu
295 142 444 194 vnnnnru
461 144 512 194 nr.
528 143 592 195 cn.
608 146 647 194 os.
728 131 777 201 '27³'

108 269 192 326 fflwfl
202 285 258 331 esse,
285 272 310 320 ni
318 272 446 337 quidemst
456 273 512 324 inte
522 273 655 338 grevismns
665 273 780 337 postulate

106 335 244 384 oonsulibus
288 335 378 397 derint,
392 346 415 384 et
424 353 471 396 me,
483 346 510 386 ut
520 339 580 386 hene
591 352 682 386 reusam
690 337 781 384 salutis·

107 413 159 462 que
172 415 222 447 sure
236 400 390 449 defensionem
406 403 551 464 susciperem,
563 401 712 450 obseerirint:
731 400 781 464 qui,

106 478 168 511 eum
186 479 201 510 s
217 473 313 526 praetore
326 465 509 528 prohiberentur,
524 482 539 513 e
553 474 652 530 quotuor
664 464 782 529 questori-

105 529 157 574 bus
171 527 346 590 impedirentur,
362 531 467 577 omnium
477 529 560 590 mines,
572 539 642 594 etque
652 530 731 577 omnis
741 541 782 592 pe·¹

105 591 194 650 risula,
209 607 252 655 pro
268 593 342 640 solute
355 594 406 653 seri,
425 594 484 642 levis
500 595 619 642 duxerint:
640 593 690 658 qui,
707 593 782 656 priore

111 655 211 714 eodone,
225 657 259 704 its
269 657 398 704 testimonia
407 657 506 721 gravioer
515 658 706 722 vehementerque
717 657 783 704 dixe·

107 719 170 779 sint,
197 727 224 767 ut
247 720 408 780 Artemonem,
432 721 610 786 Centuripinum
626 723 738 786 legatum,
760 729 783 786 et

112 783 208 846 publice
217 793 306 843 testem,
318 786 349 845 Q.
362 785 499 834 Hortensius
509 795 669 844 aoeuwtorern,
681 801 727 834 nou
738 793 784 832 tes·
814 801 822 810 ‘

114 853 173 906 tem,
182 848 325 896 essediesret
342 849 438 897 Etenim
449 851 497 910 ille,
508 865 561 898 eum
571 861 663 914 propter
673 851 782 898 virtutem

113 918 139 958 et
155 911 306 971 fidemeum
327 913 447 971 Androne,
469 911 562 970 homine
580 914 738 962 honestissimo
759 921 782 962 et

112 975 249 1034 senissimo,
266 985 317 1024 turn
331 977 400 1026 etism
414 987 506 1040 propter
519 978 681 1041 eloquentiam,
692 978 782 1040 legente

113 1038 188 1086 esuis
198 1039 285 1088 civibus
295 1041 380 1089 electus
394 1051 436 1101 est,
450 1052 477 1089 ut
489 1051 564 1105 posset
578 1043 663 1090 multos
678 1042 744 1089 istius
758 1049 783 1088 et

111 1103 190 1150 *ories
203 1104 299 1178 iniurius
314 1121 385 1168 quam
404 1107 544 1169 apertissime
559 1105 623 1154 vobis
640 1105 784 1169 plenissime·

112 1181 164 1230 que

111 1271 115 1275 .
149 1231 229 1280 LXV.
246 1231 363 1280 Dixerunt
381 1234 495 1292 Belesini,
510 1234 652 1292 Csfinenses,
667 1231 784 1296 Tyndari-⁴

112 1295 175 1354 teni,
186 1295 314 1355 Enneuses,
326 1298 482 1357 Herbitenses,
494 1299 658 1361 Agyrinenses,
670 1297 784 1344 Netiuen·

112 1375 160 1417 ses,
183 1361 311 1422 Segestani:
336 1376 457 1409 numerere
472 1377 551 1410 omnes
568 1377 614 1410 non
634 1369 668 1410 est
686 1371 786 1411 neeesse*

112 1422 193 1480 Scitis,
208 1439 279 1487 quem
292 1425 361 1472 multi
375 1434 398 1472 et
411 1441 482 1490 quam
494 1426 577 1485 mults,
594 1426 668 1490 priore
684 1425 781 1485 eodone,

113 1487 224 1536 dixerint.
242 1489 313 1537 Nunc
323 1498 346 1537 et
355 1490 390 1538 illi
398 1498 421 1536 et
428 1491 511 1554 reliqui
519 1490 601 1538 dioent
618 1490 707 1540 Omnes
718 1489 784 1537 deni·

115 1567 163 1615 que
173 1551 217 1599 boe
225 1552 251 1599 in
260 1553 304 1602 hee
314 1554 382 1602 cousi
394 1553 529 1618 intelligent,
541 1555 584 1602 boe
594 1555 672 1602 enimo
685 1569 732 1602 esse
747 1553 785 1602 Si·

113 1615 189 1673 mles,
198 1624 233 1672 ut,
242 1617 261 1664 si
271 1617 296 1664 in
306 1617 375 1665 istum
387 1619 570 1666 animadversum
581 1620 675 1676 nonsit,
689 1619 733 1666 sibi
747 1634 784 1666 re-

113 1679 255 1742 linquendas
268 1680 348 1730 dornos
363 1697 391 1730 en
404 1683 468 1730 sedes
482 1699 543 1742 sues,
559 1691 620 1731 etex
632 1683 784 1731 sielitdeoe-

113 1743 230 1802 sieudum,
248 1754 318 1808 etque
336 1746 392 1793 suleo
408 1746 554 1809 fugiendum,
572 1762 620 1794 esse
638 1747 783 1794 arbitrentur.

113 1807 172 1854 ·Hos
181 1807 295 1868 homines,
304 1817 330 1858 tu
340 1811 495 1872 persuadebis,
507 1810 537 1857 ud
546 1810 643 1858 honores
650 1819 719 1874 etque
734 1825 786 1856 am-

114 1870 258 1934 plitudinem
268 1881 341 1931 mem,
353 1874 461 1936 pecunias
478 1874 592 1922 maximos
609 1874 729 1922 voluntate
743 1873 786 1920 sui

116 1935 257 1984 ¹oonnrlisee?
273 1937 356 1996 Credo,
368 1937 409 2012 qui
419 1945 441 1985 te
451 1939 476 1984 in
486 1939 528 1985 tui
543 1937 633 1986 civitate
646 1936 786 1984 ineolumem

117 2013 168 2052 esee
177 2000 273 2059 nollent,
287 2000 312 2047 bi
319 2010 460 2049 monuments
470 2010 516 2049 tuae
526 2001 606 2049 forme
616 2017 643 2049 so
654 2000 753 2048 nominis
761 2000 786 2047 in

119 2063 167 2111 suis
178 2063 306 2112 eviuubus
312 2079 359 2113 esse
369 2065 497 2128 cupiebant.
514 2066 563 2113 lies
569 2064 700 2124 deelertvit,
708 2073 736 2111 ut
746 2079 786 2111 ou-

119 2127 211 2190 pierint
223 2128 368 2176 Jemdudum
379 2130 441 2177 enim
452 2129 510 2176 mihi
524 2129 623 2177 nimium
638 2129 736 2176 tenuiter
751 2128 788 2176 Si-

114 2192 442 2254 oulorumergstevoluntstis
449 2201 584 2256 argumente
589 2193 694 2256 colligere
701 2191 787 2252 videor,

120 2263 201 2308 amum
212 2263 299 2304 sumas
310 2257 422 2304 voluerint
432 2258 475 2305 tibi
485 2266 591 2317 statuae,
601 2272 630 2304 sn
641 2256 712 2305 enecti
720 2257 772 2304 sint.

154 2319 193 2366 De
202 2335 251 2382 quo
261 2320 353 2368 bomine
367 2322 411 2368 hoe
428 2321 534 2368 studitum
549 2330 583 2369 est
598 2334 711 2385 unquam,
727 2320 790 2386 quod

119 2383 166 2432 ribi
182 2383 274 2441 antidit,
284 2392 311 2433 ut
321 2385 371 2446 ejus
384 2385 410 2431 in
424 2383 538 2448 provincii
548 2393 637 2445 netues,
647 2386 672 2432 in
683 2385 738 2434 locis
746 2400 791 2448 pun

116 2447 189 2497 blicis
200 2447 287 2510 posite,
298 2449 383 2512 purtim
393 2449 462 2496 etiem
473 2449 497 2496 in
508 2449 790 2512 edibusssorisfflervim,

120 2527 165 2576 per
175 2511 305 2566 universum
315 2513 496 2572 multitudinem,
509 2513 674 2574 dejicerentur?
691 2513 739 2564 'l'ot
748 2513 791 2561 ho·

94 2576 96 2582 '
118 2575 198 2624 minsa
208 2575 232 2621 in
243 2575 302 2624 nsit
317 2585 430 2636 notenses,
441 2578 507 2624 tosin
518 2577 609 2637 Africo,
620 2586 654 2626 tot
668 2578 693 2625 tn
704 2578 792 2640 Hispa-²

117 2640 172 2701 uid,
185 2638 280 2700 fleuit,
296 2640 410 2700 Ssrdinii,
428 2642 504 2692 tot-in
521 2641 573 2707 ipsi
588 2642 667 2692 sutus
683 2641 791 2691 iuernntt
