1824 2968
107 132 139 179 23
232 131 302 181 PRO
320 133 348 181 P.
360 130 520 192 QUINTIO.
532 129 597 183 Gur.
609 133 648 180 25.

107 257 164 319 sius,
175 267 198 308 et
208 275 262 310 cum
273 272 330 312 esset
340 269 425 310 attente
435 261 555 310 auditurus
568 259 699 324 Philippus,
715 257 776 320 fore,

108 323 152 382 ud,
164 327 283 388 psrurultis
293 328 318 374 in
328 329 404 386 rebus,
415 327 496 374 timore
506 326 641 389 prolaberer.
659 324 770 370 Dicebam

108 387 163 436 huic
174 390 205 449 Q.
217 392 308 450 Roscio,
320 392 385 452 quus
395 407 457 438 soror
466 400 499 438 est
509 406 562 438 cum
570 389 598 436 P.
605 388 711 448 Quintio,
720 401 772 434 cum

109 468 171 501 eme
186 464 279 518 peteret,
291 463 314 502 et
326 471 416 502 summe
431 454 582 511 contenderet,
597 462 624 500 ut
639 468 707 500 suum
722 465 772 514 pro·

109 517 224 581 pinquum
239 519 392 576 defenderem,
409 519 467 565 nrihi
481 518 613 582 perdifficile
627 533 682 576 esse,
698 523 774 563 contre

109 582 166 629 tales
181 591 288 642 oratores,
305 597 351 630 non
367 583 436 631 modo
450 591 539 630 tentum
556 597 647 630 causam
662 595 774 644 perorare,

110 645 150 693 sed
161 646 255 693 omnino
265 649 361 694 verbum
371 647 445 695 fucere
455 647 538 696 conari.
556 648 617 694 Cum
625 645 730 721 cupidius
740 644 775 691 in-

110 717 194 766 stsret;
211 710 300 758 homini
315 727 357 775 pro
371 711 472 760 andeleii
490 711 626 760 familiarius
644 709 702 768 dixi,
715 708 773 756 mihi

111 773 183 820 videri
198 789 236 822 ore
251 774 372 823 durissimo
383 792 437 836 esse,
450 777 499 840 qui,
514 784 624 840 presente
639 789 673 834 eo,
685 781 775 836 gestum

111 853 178 900 cgere
194 848 327 887 conaretur:
345 840 455 904 quivero
471 855 524 888 curn
541 839 590 902 ipso
606 835 776 893 contenderent,

112 917 158 961 cos,
170 902 259 950 &amsi
270 904 327 967 quid
338 913 405 951 antea
415 903 469 951 recti
486 911 527 950 sut
541 902 630 950 venusti
640 901 724 948 habere
735 900 777 947 visi

112 975 175 1025 sunt,
186 966 211 1013 id
222 967 340 1016 amitteres
358 966 454 1030 nequid
465 967 522 1014 mihi
533 965 646 1027 ejusmodi
656 964 775 1024 accideret,

111 1043 166 1076 eum
173 1039 250 1078 contra
257 1032 326 1079 talem
337 1030 446 1078 artificem
455 1030 557 1078 dicturus
565 1043 687 1087 essem,me
698 1028 777 1076 vereri.

144 1093 226 1143 XXV.
244 1095 309 1142 Tum
319 1093 377 1142 mihi
392 1094 489 1142 Roscius
504 1105 526 1142 et
541 1095 586 1143 slis
599 1093 681 1149 mults,
694 1092 780 1140 contin·

112 1159 192 1206 mnndi
202 1159 249 1208 mei
259 1157 335 1218 causi,
344 1158 417 1207 dixit:
435 1169 465 1218 et,
477 1159 614 1216 mehercule,
622 1157 641 1205 si
649 1157 707 1203 nihil
717 1155 779 1203 dice-

112 1232 155 1284 ret,
166 1224 234 1272 muto
243 1224 293 1288 ipso
304 1224 377 1273 officio
393 1234 417 1273 et
431 1224 514 1284 studio,
530 1222 592 1286 quod
607 1222 707 1269 habebat
721 1235 777 1282 erga

110 1288 267 1350 propinquum
283 1305 361 1348 suum,
372 1289 476 1365 quemvis
490 1294 648 1336 commoveret.
671 1285 777 1344 Etenim,

112 1365 167 1396 eum
181 1351 264 1398 artilex
279 1353 391 1412 ejusmodi
406 1354 442 1412 sit,
459 1363 486 1398 ut
501 1351 562 1398 solus
577 1351 660 1413 dignus
675 1347 781 1396 videatur

112 1414 594 1542 tetthtntffit‘tn‘tmh
606 1412 718 1526 iffi
729 1421 780 1525 tt

426 1513 434 1538 Ὶ

113 1543 540 1669 {tlte-‘t’thtttthth
549 1543 665 1655 hunt
673 1555 782 1668 Ξέᾜέ

114 1669 185 1734 possit
195 1668 275 1730 biduo,
284 1679 324 1719 sut
335 1686 452 1719 summum
461 1671 545 1731 triduo,
553 1671 695 1735 septingenta
705 1669 782 1718 millio

114 1749 224 1798 passuum
235 1735 370 1782 ambulare?
387 1745 493 1784 tamenne
504 1737 594 1796 vereris,
608 1743 635 1782 ut
648 1733 720 1799 possis
730 1733 782 1781 hoec

115 1805 193 1846 contra
210 1796 360 1847 Hortensium
379 1800 532 1848 contendere?
549 1799 658 1858 Minime,
675 1797 785 1865 inquam·

115 1861 162 1911 Sed
172 1861 229 1924 quid
239 1862 264 1909 id
273 1863 303 1910 sd
317 1864 382 1910 rem?
400 1863 528 1925 Nimirum,
539 1864 623 1926 lnquit,
634 1863 659 1910 in
674 1877 701 1910 eo
712 1877 784 1909 censs

116 1925 224 1974 consistit
250 1926 390 1985 Quomodo?
407 1928 481 1976 Docet
497 1943 535 1976 rne
552 1927 664 1989 ejusmodi
682 1941 741 1986 rem,
758 1933 784 1974 et

116 1990 204 2038 lectum
210 1990 280 2038 simul
287 1992 340 2040 Sex.
348 1992 434 2051 Nervii,
442 1992 623 2056 qucd‚sisolum
631 1992 782 2055 pmfsrretur,

116 2055 171 2102 setis
181 2071 229 2102 esse
238 2055 336 2104 deberet
352 2056 425 2115 Quod
434 2059 474 2104 obs
485 2064 516 2116 te,
528 2055 556 2104 C.
567 2055 668 2119 Aquilli,
680 2063 703 2102 et
716 2070 730 2101 e
741 2069 784 2102 vo-

117 2119 152 2165 bis
163 2119 204 2181 qui
215 2119 296 2168 sdestis
304 2121 329 2167 in
337 2121 439 2178 consilio,
448 2135 533 2183 queso,
542 2129 569 2168 ut
579 2119 700 2182 diligenter
707 2126 785 2167 utten-

117 2181 182 2228 dstis.
206 2183 311 2232 Profecto
321 2184 459 2247 intelligetis,
471 2184 534 2232 illinc
548 2186 578 2232 ab
592 2184 657 2232 initio
668 2181 785 2246 cupidita-

117 2253 165 2292 tem
175 2247 289 2308 pugntsse
299 2255 322 2294 et
332 2248 465 2304 eudociam
483 2247 536 2296 hinc
546 2249 664 2297 veritatem
675 2256 698 2295 et
707 2247 784 2310 pudo·

117 2323 175 2366 reru,
187 2311 263 2372 quood
273 2313 380 2372 potuerit,
387 2312 499 2360 restitisse.
516 2315 592 2372 Bone,
600 2313 745 2388 pertulerunt
753 2325 784 2358 ex

118 2372 191 2420 edicto
204 2373 317 2436 possidere
330 2376 403 2424 licent
427 2376 483 2435 Quo
496 2377 552 2426 dies
568 2385 591 2424 to
605 2392 690 2440 ipsum,
703 2375 783 2431 Neri,

118 2437 170 2486 volo
181 2436 273 2484 audire:
291 2439 351 2498 volo,
362 2439 492 2486 inauditum
503 2441 599 2501 facinus,
610 2440 690 2502 ipsius,
702 2439 744 2502 qui
758 2437 786 2486 id

119 2500 242 2558 commisit,
251 2516 305 2548 voce
316 2503 428 2550 convinci:
443 2503 497 2562 Dic,
509 2504 586 2563 Naevi,
598 2503 667 2550 diern.
686 2501 783 2550 AnteV

89 2601 92 2612 .
120 2561 234 2610 Calendss
249 2562 399 2612 intercalares.
423 2567 488 2614 Bene
502 2568 566 2629 egiss
584 2582 655 2630 quom
668 2567 789 2628 longeest

119 2625 209 2675 hiucin
219 2627 303 2677 uultum
314 2635 417 2678 vestrum
427 2627 590 2679 Gallicanum?
602 2630 679 2690 Neri,
690 2623 808 2691 terogo.'
