1828 2966
125 165 182 216 ¹162
279 161 320 212 IN
336 156 486 211 VERREM
503 158 539 208 11.
556 156 621 207 Gar.
631 159 656 208 9.

127 302 171 354 aet,
191 291 298 342 nonnulli
314 290 422 355 suspicati
438 283 501 349 aunt,
520 301 568 336 non
584 287 635 335 aine
650 283 720 335 causi
736 287 806 341 illios

128 359 251 410 consilium
262 366 311 404 tam
321 365 414 419 repente
424 369 472 402 ease
482 361 608 400 mutatum.

163 425 210 472 1x.
228 424 252 470 N
254 437 308 480 unc,
319 436 348 469 ne
359 435 418 467 novo
428 417 578 482 querimonia
589 431 671 479 genere
682 417 718 464 uti
729 419 805 481 possit

122 487 278 544 ¹Hortensius,
289 494 312 532 et
322 501 349 532 aa
359 484 441 541 dicere,
453 481 553 546 opprimi
563 497 637 540 mum,
645 481 674 528 de
684 497 733 544 quo
744 482 807 530 nihil

130 553 193 600 dicat
203 559 335 605 monton
351 548 410 594 nihil
420 563 468 594 ease
478 557 526 593 tam
537 545 691 608 periculosum
702 546 806 594 inmunia

53 613 56 622 '
130 615 297 670 innocentium,
309 627 380 675 quam
395 620 469 658 tacere
483 609 636 665 advenerim
654 617 677 656 et
687 623 717 657 ne
728 611 805 671 aliter,

132 695 204 746 quam
215 694 257 740 ego
268 677 347 734 velim,
358 691 439 723 meum
446 674 525 722 laudet
532 674 660 736 ingenium,
670 688 725 721 urm
733 675 805 736 dicat,

133 760 180 804 me,
201 743 220 789 ai
236 741 312 788 murita
329 741 447 799 dixissem,
464 739 637 786 sublevaturum
652 737 724 786 fuisse
740 755 806 800 eum,

133 805 542 932 ξξξιξξξξξιξξιξί
549 803 807 931 mom

133 936 199 982 niam
209 935 252 982 hoc
262 933 292 981 ait
301 948 406 988 necessu
424 947 505 978 verum
516 939 543 978 ut
552 931 663 994 experiar,
675 940 756 979 utrum
767 933 808 980 ille

134 999 193 1047 ferat
204 997 330 1056 molestius,
342 1013 380 1044 me
391 1005 447 1042 tunc
458 996 562 1054 tacuisse,
574 1011 604 1042 an
617 1009 679 1043 nunc
689 995 773 1044 dicere.

169 1063 218 1112 Hic
228 1071 254 1110 tu
269 1061 363 1110 fortasse
376 1060 420 1108 eris
430 1059 536 1122 diligens,
547 1075 576 1106 ne
587 1072 659 1122 quam
670 1075 712 1122 ego
723 1061 806 1109 horam

134 1127 165 1176 de
175 1127 232 1176 meis
242 1126 351 1190 legitimis
358 1124 419 1172 horis
427 1125 557 1172 remittam:
570 1124 614 1170 nisi
621 1123 686 1171 omni
694 1134 805 1188 tempore,

154 1193 199 1240 uod
210 1192 269 1240 mihi
279 1192 330 1254 lege
339 1204 471 1238 concessum
482 1199 524 1246 est,
536 1190 621 1235 abusus
635 1203 682 1247 ero,
694 1192 804 1251 quererer

136 1209 216 1306 ileum
227 1266 297 1320 atque
307 1255 429 1303 hominum
439 1252 509 1300 fidem
517 1252 663 1314 implorabis:
681 1253 808 1302 circumvo-

137 1323 183 1370 niri
194 1322 222 1370 C.
231 1321 337 1378 Verrem,
349 1317 412 1382 quod
422 1325 538 1366 accusator
548 1317 607 1364 nolit
617 1315 715 1376 tamdiu,
741 1333 808 1366 uam.

138 1385 179 1433 diu
189 1386 264 1444 liceat,
276 1383 357 1430 dicere.
373 1382 445 1441 Quod
455 1379 514 1428 mihi
526 1380 565 1428 lex
578 1380 631 1428 mei
642 1381 711 1428 causis
721 1335 768 1442 (liet,
779 1397 807 1431 ao

138 1449 197 1496 mihi
207 1463 254 1496 non
265 1448 300 1494 uti
310 1459 356 1494 non
367 1446 461 1494 licebit?
479 1445 543 1492 Nem
554 1445 675 1492 commodi
683 1445 742 1494 mihi
750 1456 807 1496 tem-

139 1528 183 1576 pus
196 1511 249 1560 med
264 1511 333 1558 causi
344 1511 426 1558 datum
440 1518 482 1569 est,
494 1517 521 1556 ut
535 1523 625 1572 possem
640 1510 741 1558 oratione
756 1512 808 1560 med

139 1575 236 1624 stimma
246 1589 384 1637 causamque
394 1574 514 1636 explicare.
538 1573 592 1620 Hoc
602 1573 622 1620 si
632 1587 678 1620 non
690 1589 750 1630 uror,
762 1589 808 1624 non

140 1640 183 1687 tibi
193 1639 302 1700 injuriam
312 1639 386 1695 facim
404 1638 443 1684 sed
453 1637 482 1686 de
492 1651 545 1684 meo
553 1638 606 1697 jure
613 1637 701 1702 aliquid
712 1651 735 1687 et
746 1655 808 1688 oom-

140 1703 210 1752 modo
221 1703 321 1750 detraho.

173 1768 274 1816 Causam
291 1767 353 1814 enim
371 1766 467 1830 (inquit)
486 1766 590 1829 cognosci
608 1775 703 1829 oportet.
731 1766 768 1816 Ed
784 1783 808 1817 re

141 1833 245 1898 quidem,
263 1832 326 1895 quod
340 1831 406 1878 aliter
423 1830 570 1878 condemnari
584 1845 644 1890 mua,
659 1833 766 1893 quamvis
779 1833 807 1880 ait

141 1913 233 1957 nocens,
245 1912 291 1946 non
302 1905 382 1959 potest
401 1894 430 1943 Id
440 1894 511 1957 igitur
518 1904 545 1941 tu
554 1894 649 1942 moleste
659 1895 740 1956 tulisti,
749 1910 807 1944 ame

141 1963 230 2026 aliquid
240 1962 328 2008 factum
347 1975 403 2017 esse,
415 1959 538 2021 quominus
548 1958 591 2006 iste
601 1959 748 2007 condemnari
756 1975 807 2026 pos-

142 2030 195 2076 set?
213 2028 286 2083 Nam,
304 2025 372 2072 caum
391 2023 490 2086 cogniti,
508 2022 577 2070 multi
593 2031 690 2086 possunt
706 2025 805 2074 absolvi:

142 2091 265 2202 Ἓξ
269 2087 764 2214 ἛἛξξἛἛξἛἛἛ
772 2154 810 2202 ι,

143 2218 168 2266 ἱιι
185 2235 210 2266 aa
226 2217 420 2275 molestissimum,
438 2215 474 2264 bis
489 2224 517 2262 ut
533 2230 601 2262 causa
617 2216 717 2276 dicatur,
731 2217 756 2265 id
771 2227 810 2266 aut

143 2283 197 2329 mei
206 2282 275 2330 causi
284 2281 361 2344 potius
372 2288 406 2328 eat
415 2279 574 2340 constitutum,
585 2295 657 2343 quam
667 2281 719 2340 tui,
729 2292 769 2330 aut
775 2282 810 2330 ni.

143 2345 192 2394 hilo
206 2346 249 2392 tui
262 2345 347 2408 potius,
362 2359 434 2407 quam
444 2343 503 2391 mei.
524 2343 599 2403 Nam,
610 2344 630 2391 ai
642 2343 678 2392 bis
692 2343 766 2394 dicere
778 2353 810 2395 eat

142 2408 301 2466 commodum,
316 2417 375 2455 certe
386 2408 506 2470 utriusque
515 2422 638 2456 commune
647 2417 687 2456 eat
713 2410 740 2457 Si
749 2425 808 2470 eum,

144 2472 185 2534 qui
200 2471 313 2550 posterius
328 2471 396 2529 dixit,
416 2486 474 2534 opus
490 2480 525 2518 est
539 2471 661 2534 redargoi;
678 2475 809 2523 amusatoria

143 2549 219 2594 eausa
236 2542 264 2582 ut
278 2534 314 2582 bis
327 2543 441 2596 ageretur,
457 2534 607 2583 constitutum
618 2545 658 2584 est
676 2536 774 2599 Verum,
784 2547 810 2587 ut

144 2599 233 2662 opinor,
250 2597 347 2644 Glaucia
360 2598 449 2660 primus
463 2599 525 2650 tulit,
540 2604 568 2646 dt
577 2600 811 2663 comperendinaretur

145 2677 212 2712 reuse
229 2669 296 2712 mtea
310 2661 346 2710 vel
359 2661 457 2722 judicari
470 2662 546 2724 primo
560 2672 659 2728 pomae,
672 2663 710 2714 vel
725 2667 811 2718 mm.
