1824 2968
262 121 339 177 212130
356 127 684 188 r.QU1N'r10.css.2s.
780 117 818 174 813

137 260 188 298 esre
204 249 310 316 lieesiu”
337 250 403 315 Quid
420 259 491 304 um?
516 257 534 286 “
545 255 702 315 Dominum‚”
722 245 814 320 inquis·

137 315 154 341 “
166 313 267 365 invitum
284 314 405 368 detrudere
415 335 462 368 non
472 321 571 383 place&
594 320 658 368 Eum
669 321 754 384 ipsum,
766 319 812 382 qui¹

135 376 259 429 fraudandi
276 383 344 432 causti
359 385 448 442 lstitet;
465 399 520 432 eum
535 384 622 446 ipsum,
639 399 708 446 quem
722 383 810 445 judicio

135 454 204 516 11ξὶηο
215 441 339 504 deiendstg
357 464 412 496 eum
422 449 508 512 ipsum,
520 449 561 510 qui
574 463 628 494 eum
643 449 749 494 omnibus
760 448 813 494 ere-'

137 505 250 557 dituribus
261 511 309 559 suis
319 515 381 560 male
391 521 453 574 agat,
465 512 565 560 invitum
577 511 606 559 de
619 511 705 574 prndio
719 510 814 558 detrudi·

136 578 206 619 vetet.
231 575 386 624 Proficiscsnti
397 577 439 634 tibi
450 575 475 623 In
485 575 647 638 possessionen
657 583 740 637 pretor
750 575 811 638 ipse,-

138 633 192 682 Sex.
203 639 280 696 Naevi,
309 641 371 686 alam
386 640 455 687 dicit:
474 642 492 668 ‘⁸
503 641 542 687 Its
555 638 676 702 possideto,
691 647 719 686 ut
732 646 809 686 tetum

138 698 211 772 simul
224 655 339 763 possideat
350 703 475 762 Quintius:
492 704 525 750 ita
541 703 662 766 possideto,
673 711 700 750 ut
711 702 809 761 Quintio

138 777 216 826 visne
227 765 359 813 afferatur.”
384 766 467 825 Quid?
485 776 510 816 tu
521 767 546 813 id
556 767 752 830 quenadmodum
767 769 809 814 ob·

140 827 235 874 servus?
252 828 325 876 Mitto
331 829 389 877 illud
397 831 477 891 dicere,
487 847 549 889 eum,
559 831 599 894 qui
607 846 654 878 non
662 830 763 890 latitdrit,
772 831 810 879 cui

143 891 228 965 Rumne
244 891 333 954 dumus,
348 911 414 956 uxor,
430 895 504 955 liberi,
520 903 651 958 procurator
667 905 738 951 esset;
756 910 811 942 eum

143 970 186 1017 qus
203 955 245 1002 ubi
263 957 418 1007 vsdImonium
436 975 483 1008 non
500 959 645 1016 deseruisset3
662 959 712 1006 haec
730 956 810 1006 omnis

142 1019 226 1093 nrittor
243 1020 369 1083 iliuddieo‚
381 1024 502 1071 domiuum
513 1024 636 1086 expulsum
651 1039 698 1071 esse
711 1023 740 1071 de
751 1027 818 1086 praei‘

143 1082 196 1140 dro3
213 1084 305 1132 domino
315 1103 330 1134 a
341 1089 431 1136 familiis
444 1089 485 1136 sud
499 1103 581 1136 manus
596 1089 676 1135 allatas
693 1103 740 1135 esse
755 1095 809 1134 ante

143 1149 424 1199 suosharesfamiliaresr
441 1152 552 1200 hoedico.
595 1151 608 1179 ⁸
650 1152 663 1182 ⁸
698 1151 711 1179 ⁸
746 1150 759 1178 ⁸
793 1150 809 1177 ⁸

173 1213 299 1262 XXVIII.
318 1215 331 1243 ⁸
344 1216 453 1262 Nerium
461 1231 490 1263 ne
498 1214 623 1279 appelidsse
630 1214 724 1278 quidem
732 1213 812 1272 Quin-'

140 1278 209 1336 tium,
221 1293 277 1325 sum
287 1279 358 1325 simul
369 1288 433 1336 esset,
445 1281 542 1343 experiri
553 1287 628 1342 posset
639 1277 757 1342 quotidie:
769 1276 811 1324 de-'

140 1342 204 1400 inde,
221 1341 285 1405 quod
299 1343 376 1390 omnits
388 1343 475 1403 judicis
488 1343 632 1402 difficillime,
648 1357 701 1390 cum
717 1341 813 1397 summd

140 1406 184 1454 sud
200 1404 296 1465 insidii,
310 1407 462 1470 maximoque
480 1409 581 1470 periurio
599 1408 627 1455 P.
642 1406 744 1465 Quintis,
760 1405 810 1452 fieri

139 1469 229 1530 mallet,
238 1486 310 1534 quam
320 1471 379 1518 iliud
389 1471 547 1535 peurnisrirm
556 1472 678 1532 Judicium,
689 1471 752 1533 quod
762 1483 811 1516 uno

138 1535 177 1583 die
191 1536 287 1598 transigi
297 1544 388 1598 posset:
407 1551 437 1582 ex
452 1550 499 1599 quo
514 1550 560 1582 uno
575 1535 712 1582 haec'omnis
722 1542 776 1582 nats
786 1540 810 1580 et

140 1599 245 1666 profecta
255 1615 302 1648 esse
312 1599 420 1648 concedit.
437 1598 524 1657 Quoin
534 1600 584 1646 loeo
592 1599 745 1646 uenditionem
756 1596 810 1654 tuli,

141 1665 161 1711 si
178 1664 248 1711 vellet
261 1664 383 1726 pecuniam
397 1671 482 1728 petere,
499 1663 527 1710 P.
543 1663 668 1721 Quintium
681 1661 811 1722 judicatum

141 1728 200 1776 solvi
211 1727 382 1786 satisdatum,
397 1727 455 1774 dum
469 1727 526 1791 ipse,
544 1728 563 1774 si
580 1726 637 1792 quid
651 1734 745 1790 peteret,
760 1723 811 1788 peri

142 1791 275 1840 eonditione
284 1800 393 1839 uteretur.
407 1791 409 1798 ’

175 1855 287 1916 Ostendi,
295 1849 366 1920 quam
376 1855 452 1903 mults
462 1863 514 1903 snte
526 1855 576 1902 fieri
591 1855 727 1913 convenerit,
740 1867 811 1917 qusm

143 1919 246 1967 hominis
267 1920 390 1982 propinqui
410 1921 472 1967 bons
492 1920 602 1982 possideri
623 1920 811 1982 postularemus}

145 1983 271 2047 presertim
282 1999 336 2031 eum
347 1985 430 2031 Rumoe
444 1983 526 2031 domus
541 1985 600 2045 ejus,
616 1999 683 2042 uxor,
699 1981 765 2028 liberi
779 1995 813 2028 es-

145 2056 204 2106 sent,
216 2057 240 2096 et
249 2055 390 2110 procurator,
398 2049 588 2111 sequeutn'usque
598 2045 744 2094 necessarius.
762 2044 813 2090 Do-

145 2112 192 2170 cui,
208 2127 262 2160 cum
277 2111 393 2158 desertum
407 2127 455 2159 esse
471 2111 531 2158 ditat
541 2110 707 2168 vadimonium,
719 2108 813 2156 omnitto

146 2175 409 2224 vadimonium'nuilum
418 2175 495 2223 fuisse.
519 2175 574 2234 Quo
585 2174 622 2222 die
632 2175 695 2221 hunc
706 2173 749 2233 sibi
759 2187 813 2236 pro·

145 2240 235 2288 misisse
245 2239 395 2301 diesteodie
403 2253 432 2287 ne
443 2240 526 2287 Romu
534 2238 627 2302 quidem
638 2254 692 2286 eum
702 2237 780 2294 fuisse,
789 2235 814 2282 id

4 2342 15 2354 s
38 2323 41 2334 ·
117 2313 119 2318 ’
147 2305 244 2352 testibus
254 2319 293 2350 me
303 2302 482 2366 pollicitussum
491 2303 724 2365 pinnum'factur'um,
736 2301 777 2364 qui
791 2307 815 2346 et

148 2368 205 2416 seire
215 2367 331 2426 deberent,
343 2375 366 2414 et
377 2382 478 2426 causam,
490 2383 530 2414 cur
540 2367 700 2424 mentirentur,
712 2377 758 2412 non
772 2364 814 2410 hs·

148 2433 236 2480 herent.
253 2431 294 2479 Ex
304 2431 377 2478 edictu
387 2439 464 2480 sutem
472 2446 518 2479 non
526 2431 626 2493 potuisse
631 2426 815 2490 bonapossIderI,

148 2495 312 2552 dmonstravi,
324 2495 387 2558 quod
396 2509 471 2558 neque
480 2494 602 2542 fraudandi
617 2493 684 2541 causis
698 2491 818 2546 latitdsset,

148 2573 166 2608 n
194 2574 224 2606 ue
235 2559 310 2607 exsilii
320 2559 390 2606 camd
399 2560 475 2607 solum
485 2559 577 2607 vertisse
587 2558 704 2604 diceretur.

166 2575 312 2688 eisetquum
328 2631 370 2683 est,
385 2631 413 2671 ut
428 2638 482 2672 eum
497 2637 565 2670 nemo
577 2619 665 2682 judicio
679 2612 819 2664 defenderit:
