1820 2958
231 121 271 170 Its
288 121 506 172 VERREMHI‘.
523 121 586 172 Gna.
604 123 643 172 29.
725 121 776 172 24!

11 237 21 246 ”
101 247 214 306 dedissett
230 251 336 314 proinde,
347 251 367 298 si
377 259 474 314 saperet,
485 249 580 309 videret,
592 250 649 314 quid
659 250 703 299 sibi
716 256 776 298 esset

101 311 240 362 faciendum.
267 315 355 375 Homo,
375 331 519 379 quamquam
539 323 587 362 eret
603 324 626 363 et
644 314 735 363 Siculus
752 321 775 362 et

100 392 162 437 teus,
173 379 269 437 honest„
279 388 304 428 et
312 381 364 439 Jure
374 380 454 443 iniquo
465 389 596 442 ettempore
603 379 705 438 adverso,
715 379 775 426 ferre

99 449 179 490 tenen
186 451 257 506 etque
264 443 344 491 audire
354 443 441 491 diutius
447 443 621 492 Timarchidem
630 458 676 490 non
688 443 773 506 potuit.

101 505 189 563 Facite,
201 507 366 572 inquit-quod
376 508 440 556 vobis
457 507 527 556 libet:
545 508 641 556 daturus
657 521 705 554 non
723 521 776 554 sum

101 571 210 681 aplius.
228 571 391 646 Idemqnehoc
399 572 477 620 etnicis
484 573 533 648 ejus
542 571 732 684 ctoddrrfensoribus
740 571 776 618 vi·

101 643 672 764 tstt’rssblmitttttttbrtn
680 649 777 748 bibit

101 761 202 816 babebat
218 764 323 812 honines
341 765 448 812 honestes
465 780 478 811 e
494 773 612 812 conventu
621 766 773 828 Syracusano,

101 826 144 888 qui
154 827 270 875 Sacerdoti
288 843 380 892 quoque
393 829 418 876 in
429 828 523 876 causssio
536 828 628 876 fuerent
642 837 702 887 turn,
719 843 774 876 cum

102 899 160 938 esset
170 890 232 938 idem
242 892 280 940 hic
291 894 386 955 Sopater
397 892 521 940 absolutus.
539 893 592 940 Hoc
600 892 693 940 radonis
703 892 774 940 habe-

102 955 167 1028 bant,
179 955 253 1004 fecere
263 972 301 1004 eos
311 958 376 1004 nullo
387 957 456 1004 modo
466 973 539 1019 posse,
549 965 576 1004 ut
583 957 663 1013 eodem
669 957 773 1015 crimine,

102 1018 184 1066 iisdem
195 1021 304 1077 testibuu·
316 1021 439 1084 Sopatrum
456 1021 633 1069 condemnarent
645 1020 716 1069 iidem
733 1021 776 1068 ho·

102 1083 186 1142 mines,
195 1083 237 1147 qui
248 1093 315 1132 antea
325 1085 473 1140 absolvissent

136 1149 219 1211 Itaque
227 1148 322 1198 hacuni
329 1165 368 1212 spe
376 1149 405 1196 ad
412 1148 525 1208 judicium
534 1148 631 1196 venitm.
648 1148 704 1207 Quo
712 1156 775 1210 ports

102 1225 201 1274 ecquam
211 1222 306 1260 ventum
315 1222 357 1271 est,
365 1227 418 1260 cum
424 1213 449 1259 in
456 1213 575 1260 consilium
582 1213 712 1276 frequentes
720 1227 775 1259 oon-

102 1276 217 1325 venissent
227 1277 306 1334 iidem,
318 1278 359 1340 qui
369 1278 480 1332 solebant,
492 1285 514 1324 et
524 1277 568 1324 hec
578 1277 626 1323 uni
633 1291 673 1338 spe
681 1275 775 1323 totade-

101 1339 176 1388 senaio
187 1342 277 1403 Sopatri
288 1342 406 1401 niteretur,
419 1341 507 1388 consilii
521 1339 650 1404 frequentii
665 1348 688 1386 et
698 1340 774 1402 digni..

102 1411 159 1464 tate,
171 1413 194 1452 et
204 1405 266 1468 quod
278 1414 342 1454 erant
360 1409 396 1459 (ut
406 1405 465 1464 dixi)
481 1406 560 1464 iidem,
571 1405 612 1468 qui
623 1413 690 1452 antea
700 1406 731 1452 So
761 1429 773 1444 ι

102 1476 166 1516 trum
177 1469 257 1518 codem
268 1470 308 1518 illo
321 1471 416 1518 crimine
423 1470 571 1517 'liberirnntr
588 1469 717 1531 cognoscite
747 1485 775 1519 os

101 1533 174 1580 minis
182 1542 295 1596 apertam,
307 1551 333 1582 ac
341 1549 387 1582 non
398 1533 468 1580 modo
478 1549 525 1581 non
536 1533 631 1590 ratione,
643 1533 682 1581 sed
693 1533 775 1581 nedis-

103 1597 251 1645 simulatione
261 1599 363 1661 quidem,
382 1606 465 1646 tectam
480 1599 650 1660 improbitatem
667 1606 691 1645 et
703 1596 775 1645 cuda
859 1627 861 1638 ι

104 1661 172 1708 eiam.
183 1662 227 1720 M.
237 1663 356 1720 Petilium,
365 1663 464 1725 equitem
475 1663 618 1719 Romanum,
626 1661 775 1724 quemhabe-

11 1735 14 1746 '
100 1727 145 1774 bat
155 1725 181 1772 in
191 1727 292 1782 consilio,
302 1729 369 1787 jubet
379 1741 471 1789 opernm
483 1727 545 1783 dare,
557 1726 620 1788 quod
630 1725 664 1774 rei
679 1725 775 1798 priratae

101 1789 176 1850 judex
187 1801 252 1838 esset
270 1792 366 1838 Petilius
382 1792 508 1848 recusabat,
527 1789 589 1853 quod
608 1804 661 1836 suos
679 1803 774 1847 amrcos,

120 1868 163 1900 uos
174 1854 219 1901 sibi
227 1855 252 1901 in
264 1854 356 1902 oonsilio
365 1871 412 1902 esse
421 1855 497 1913 vellet,
508 1855 557 1916 ipse
567 1853 651 1900 Verres
661 1851 774 1900 retineret

102 1869 161 1976 (lists,
170 1918 241 1966 homo
250 1919 358 1977 liberalis,
370 1927 439 1980 negat
449 1933 473 1966 se
483 1932 624 1981 quemquam
632 1915 728 1963 retinere
736 1929 776 1964 eo·

98 1997 169 2038 snm,
187 1982 228 2045 qui
244 1983 327 2031 Petilio
342 1984 428 2031 vellent
447 1983 534 2032 adesse„
556 1983 640 2044 Itaque
657 1979 777 2029 discedunt

103 2061 196 2104 omnes:
210 2062 264 2094 nam
275 2048 343 2095 ceteri
350 2046 581 2111 quoquaimpetrant,
590 2060 619 2092 ne
626 2044 775 2098 retineantur,

103 2109 146 2172 qni
157 2125 181 2156 se
191 2111 250 2158 velle
265 2112 370 2160 dicebant
381 2111 484 2158 alterutri
498 2125 586 2166 comm,
597 2109 639 2172 qui
654 2117 706 2154 tum
717 2106 776 2154 illud

100 2173 346 2234 Judieiumhabebant,
352 2175 435 2223 edesse.
454 2175 536 2237 ltaque
545 2174 588 2221 iste
599 2173 661 2220 solus
671 2185 725 2220 cum
733 2171 776 2220 sui

103 2238 197 2285 cohorte
207 2239 347 2302 nequissimis
357 2239 501 2301 relinquitur.

138 2302 195 2349 Non
205 2303 325 2352 dubitabat
336 2302 464 2361 Minucius,
475 2301 517 2364 qui
532 2303 655 2364 Sopatrum
669 2299 776 2348 defende-

95 2368 153 2424 bet,
163 2367 220 2428 quin
231 2367 281 2425 iste,
291 2367 401 2443 quoniam
412 2365 533 2418 consilium
544 2365 675 2422 dimisisset,
690 2364 730 2410 illo
738 2363 776 2411 die

97 2429 369 2494 remillamquaesturus
377 2446 423 2479 non
431 2439 503 2488 esset;
520 2445 574 2478 cum
582 2437 674 2494 repente
682 2430 777 2491 jubetur

96 2493 186 2550 dicere-
204 2495 343 2558 Respondet.
360 2496 402 2545 Ad
412 2497 488 2558 quos?
505 2495 546 2542 Ad
556 2509 603 2552 me,
612 2493 697 2556 inquit,
705 2492 724 2539 si
732 2490 776 2538 tibi

100 2557 199 2607 idoneus
209 2560 295 2618 videor,
307 2560 348 2624 qui
358 2559 387 2607 de
397 2558 491 2607 homine
501 2558 579 2606 Siculo
586 2574 613 2606 ac
621 2555 728 2608 Graeculo
734 2556 776 2615 jn-

97 2622 184 2733 diaeg.
202 2622 303 2672 Idoneus
318 2639 351 2684 es,
362 2623 456 2688 inquit:
470 2623 513 2689 sed
529 2623 654 2688 pervellem
665 2619 771 2671 edem

134 2690 144 2740 (
170 2693 226 2748 rot.)
239 2701 303 2737 von.
317 2702 336 2736 1.
560 2697 580 2734 r
