1820 2958
241 141 280 190 n:
298 121 446 192 vuinus:
464 142 515 190 111.
532 141 596 191 ors.
611 143 648 191 14.
729 137 780 200 ss:

106 270 236 318 -versiarum
250 271 341 320 sublate
350 287 398 320 uno
408 271 501 320 nomine
515 265 608 319 omnia:
625 271 654 320 de
668 281 782 332 converitu

109 350 138 384 ac
145 335 324 398 negotiatoribus
334 337 393 384 nulli
402 337 497 399 iudices.
519 331 638 395 Quantam
647 345 782 400 potestatem

110 399 227 459 habuerit,
238 400 335 457 videtis:
353 417 410 464 quas
421 417 457 449 res
467 401 568 464 gesserit,
582 402 717 464 cognoscite.

107 499 110 504 .
143 463 216 512 XIV.
234 465 356 514 Heraclius
366 475 400 514 est
411 465 519 513 Hieronis
530 464 599 525 filius,
616 467 782 530 Syracusanus,

109 527 181 576 homo
188 528 212 574 iu
223 529 304 591 primis
314 530 378 577 domi
389 546 436 578 suae
444 530 536 589 nobilis,
548 538 578 588 et,
591 539 644 578 ante
652 531 715 578 hunc
724 546 784 594 prte-

109 599 194 649 torem,
211 593 248 640 vel
266 595 465 656 pecuniosissimus
483 595 694 658 Syracusanorum:
711 609 783 656 nunc,

8 671 9 674 ’
110 655 178 704 nulli
191 657 238 704 :lit
256 659 392 718 calauritate,
410 659 453 706 nisi
469 659 535 706 istius
550 659 644 707 evantii
660 667 730 722 atque
746 658 797 706 iu·

108 720 181 782 juria,
198 722 365 785 pauperrimus.
391 723 456 770 Huic
472 723 591 772 heredites
608 723 674 771 focile
691 723 721 770 ed
739 721 783 770 HS

109 785 186 832 tricies
195 786 256 834 venit
264 795 398 835 testamento
406 787 529 851 propinqui
537 788 581 846 sui,
589 787 705 836 Heraclii:
714 789 784 851 plena

108 849 196 897 domus
204 849 277 898 caelsti
285 852 373 914 argenti
383 852 473 915 optimi,
482 853 608 916 multhue
616 851 723 916 stragulis
734 867 784 900 ves·
877 861 881 868 “

108 913 418 980 iiii:pretiosissimorumque
426 917 593 979 mancipiorum
602 934 608 964 :
620 917 704 980 quibus
715 917 740 964 in
748 933 784 964 re.

111 980 156 1026 bus
170 979 236 1026 istius
251 980 385 1042 cupiditates
395 989 418 1028 et
428 981 527 1028 insanias
538 981 590 1044 quis
600 981 708 1043 ignorat?
725 981 785 1028 Erat

7 1096 9 1101 ,
109 1043 136 1090 in
148 1059 252 1090 sermone
262 1060 306 1103 res,
317 1059 427 1108 magnam
437 1045 544 1093 Heraclio
551 1045 673 1108 pecuniam
681 1045 783 1093 venisse:

111 1122 160 1154 nou
178 1108 252 1155 solum
265 1109 399 1157 Heraclium
417 1109 519 1168 divitem,
538 1110 577 1157 sed
592 1109 661 1156 etism
675 1117 784 1156 umatum

110 1171 255 1234 supellectili,
265 1184 367 1236 argento,
376 1182 445 1232 veste,
455 1173 575 1237 mancipiis
582 1172 695 1220 futurum.
707 1172 784 1220 Audit

111 1235 162 1284 haeo
173 1237 242 1284 etiam
251 1237 348 1285 Verres:
361 1247 392 1296 et,
404 1239 487 1301 primo,
499 1238 540 1286 illo
548 1253 589 1284 suo
597 1237 681 1284 leviore
688 1235 784 1284 artificio

112 1301 250 1348 Heraclium
257 1302 351 1364 aggredi
359 1311 556 1362 conatur,uteum
564 1300 783 1364 rogetinspiciends,

110 1381 166 1429 quae
182 1380 228 1412 non
244 1365 330 1414 rodda.
359 1367 449 1414 Deinde
460 1383 474 1414 a
486 1366 625 1431 quibusdam
636 1365 784 1429 Syracusanis

111 1429 264 1477 admonetur:
282 1430 307 1477 hi
324 1440 402 1479 autem
420 1431 515 1495 quidam
532 1439 597 1479 erant
614 1429 692 1478 affines
708 1430 782 1490 istius,

112 1509 213 1558 quorum
231 1495 273 1543 iste
289 1511 372 1544 urmes
391 1511 512 1560 nunquam
531 1497 616 1548 alienas
635 1494 783 1555 existimavit,

112 1559 248 1607 Cleomenes
265 1567 288 1607 et
303 1561 425 1618 AEschrio;
442 1561 483 1624 qui
497 1569 611 1624 quantum
626 1560 689 1624 apud
702 1560 783 1620 istum,

112 1632 136 1670 et
146 1638 218 1686 quam
229 1624 291 1687 turpi
302 1625 331 1672 dc
341 1625 418 1684 causi,
429 1625 553 1688 potuerint,
565 1640 594 1672 ex
602 1625 696 1687 reliquis
706 1623 785 1672 crimi-

7 1747 13 1756 ,
110 1688 182 1735 nibus
192 1687 330 1751 intelligetis.
347 1689 390 1749 Hi,
406 1700 433 1737 ut
443 1689 502 1750 dico,
513 1690 632 1736 hominem
643 1689 783 1744 admonent:

112 1752 164 1799 reni
171 1767 218 1800 esse
243 1754 367 1818 iaderam,
379 1754 485 1801 refertam
496 1754 603 1801 omuibus
613 1754 694 1800 rebus:
706 1752 785 1815 ipsum

112 1815 197 1863 autem'
234 1817 341 1864 eraclium
352 1817 470 1864 hominem
481 1833 528 1865 esse
538 1819 650 1878 majorem
660 1824 725 1874 natu,
737 1829 785 1865 non

111 1880 308 1944 promtissimum:
319 1889 342 1928 et
350 1897 412 1940 eum,
421 1891 503 1945 praeter
511 1882 642 1939 Marcellos,
650 1887 784 1944 patronum,

113 1942 184 2019 quern
194 1946 246 2006 jure
257 1961 298 1994 suo
309 1946 370 2010 edire
381 1955 422 1993 aut
433 1947 547 2009 appellere
557 1945 636 2009 possit,
649 1945 733 1992 habere
743 1958 786 1991 ue·

112 2023 216 2056 minem:
235 2025 282 2058 esse
291 2010 320 2074 xin
332 2026 357 2060 eo
367 2019 510 2070 testamento,
525 2025 574 2120 pun
584 2009 623 2057 ille
633 2009 705 2056 hoeres
716 2015 783 2067 esset,

113 2073 234 2135 scriptum,
246 2083 274 2121 ut
282 2073 399 2124 statuasin
409 2075 517 2138 palustri:
541 2077 617 2121 eberet
627 2087 717 2136 ponere.
738 2071 786 2118 Fa-

85 2183 90 2192 ,
113 2137 209 2196 tiernus,
226 2146 253 2185 ut
264 2140 395 2201 'palestrita
406 2148 490 2202 negent
500 2155 529 2186 ex
540 2145 675 2185 testamento
685 2151 733 2183 esse
743 2151 786 2198 po·

113 2201 183 2248 sitas:
201 2211 280 2265 petant
290 2203 454 2263 haereditatem,
466 2203 529 2266 quod
539 2217 590 2250 eam
601 2203 712 2265 pelaestrae
722 2214 787 2247 coui-

112 2265 208 2312 missem
225 2282 272 2314 esse
288 2268 372 2316 dicunt.
398 2268 489 2316 Placuit
503 2267 560 2313 ratio
571 2265 654 2314 Verri:
667 2280 727 2321 ¹nam
741 2264 786 2312 hoc

112 2330 192 2378 animo
200 2331 342 2393 providebat,
354 2347 408 2379 crim
420 2340 484 2379 tanta
491 2331 610 2378 hereditas
621 2330 645 2376 in
656 2337 786 2378 controver-

112 2395 172 2442 siam
188 2395 292 2453 venisset,
302 2396 434 2459 judicioque
448 2404 570 2459 peteretur,
586 2394 635 2442 fieri
650 2409 696 2442 non
711 2407 785 2456 posse,

112 2467 141 2506 ut
152 2459 201 2506 sine
215 2459 293 2521 predi
303 2461 351 2523 ipse
365 2460 494 2508 discederet
511 2459 634 2522 Approbst
648 2457 784 2506 consilium:

113 2531 246 2582 auctorest,
264 2533 291 2571 ut
305 2524 488 2599 quamprimum
500 2539 567 2586 agere
576 2523 695 2586 incipiant,
711 2520 788 2568 homi·

113 2601 216 2651 nemque
226 2587 251 2634 id
261 2597 342 2648 statu,
358 2589 455 2636 minime
464 2587 599 2650 litigiosum,
616 2602 688 2662 ‹puam
698 2583 789 2634 tumul·

114 2651 245 2704 tuosissime
255 2652 394 2704 adorimtim
411 2653 523 2704 Scribitur
533 2652 642 2704 Heraclio
652 2651 712 2700 dica.
