1824 2968
89 169 90 174 ’
122 161 154 208 52
186 159 256 210 PRO
273 161 397 211 ROSCIO
412 159 587 212 AMERINO·
605 157 668 212 Gar.
682 161 720 208 18.

120 303 168 363 epse
174 290 320 366 arbitrantur.
337 290 402 350 Quid
412 297 489 372 qenoes'
497 289 646 370 bunc'iqro'um
657 289 710 364 §erc
722 287 784 336 Ros-

118 355 340 466 aleaume
350 355 784 492 nequeuntem

118 480 219 540 tissimis,
239 482 315 541 audio,
333 497 380 530 non
397 491 422 528 tu
441 496 465 528 un
484 482 527 528 isto
539 481 634 528 artificio
646 480 784 528 accusatorio

119 545 220 592 callidior
236 562 268 604 es,
282 561 353 608 quam
370 546 407 593 bic
423 546 447 592 in
465 561 513 592 ouo.
537 546 634 602 Verum,
651 553 678 592 ut
693 544 784 607 opinor,

120 609 228 672 quoniam
244 609 276 656 ite
292 610 439 672 Chrysogono
456 609 552 666 videtur,
566 609 606 673 qui
624 608 679 656 huic
690 608 785 655 nullum

118 673 232 734 praedium
242 673 342 735 reliquit,
359 682 382 721 et
394 673 515 720 artificium
531 673 683 731 obliviscatur,
699 681 722 720 et
734 679 785 719 stu-

119 735 184 782 dium
195 736 301 799 deponat,
312 738 395 786 licebit.
413 737 483 796 Quod
493 737 583 784 tametsi
597 736 706 784 miserum
717 743 740 784 et
747 735 786 781 in-

119 799 217 861 dignum
226 809 267 859 est,
279 801 335 848 leret
346 809 421 848 tamen
434 817 499 864 aequo
513 801 599 860 animo,
608 800 704 860 judices,
713 799 732 846 si
742 815 786 862 per

119 879 159 912 vos
170 864 245 911 vitam
258 873 280 914 et
290 865 377 912 famam
394 874 468 928 potest
480 865 587 914 obtinere.
613 865 666 911 Hoc
677 879 729 911 vero
740 871 782 923 eet,

119 927 182 990 quod
192 928 245 975 ferri
253 943 299 975 nou
306 937 388 992 potest,
401 930 450 976 siet
457 929 481 975 in
489 929 548 976 banc
559 927 710 976 minuitatem
721 927 785 975 venit

118 1000 211 1054 propter
225 993 363 1055 praediorum
377 993 502 1041 bonitatem
518 1001 540 1040 et
555 991 735 1049 multitudinem,
751 999 783 1051 et,

119 1055 182 1117 quod
196 1071 223 1103 ea
238 1056 337 1104 studiose
351 1057 429 1116 coluit,
440 1056 465 1103 id
481 1056 523 1104 erit
538 1055 559 1103 ei
574 1057 675 1103 maxime
690 1054 782 1111 fraudig

118 1127 145 1166 ut
154 1133 237 1182 parom
245 1121 341 1172 miseriae
349 1121 386 1180 sit,
403 1120 465 1184 quod
473 1120 522 1167 aliia
531 1120 608 1179 coluit,
620 1135 667 1167 non
675 1119 727 1179 sibi,
738 1119 783 1168 nisi

119 1182 196 1242 etiam,
208 1185 271 1247 quod
281 1185 374 1234 omnino
382 1185 460 1244 coluit,
471 1184 561 1232 crimini
571 1183 646 1232 fuerit.

150 1247 249 1296 XVlll.
268 1249 313 1296 Nae
327 1259 362 1311 tu,
376 1249 455 1310 Eruci,
467 1255 582 1297 accusator
592 1264 649 1296 eeaes
663 1247 781 1308 ridiculae,

118 1309 189 1358 aiillio
198 1314 337 1375 temporibus
343 1323 411 1361 natue
419 1329 487 1373 esses,
498 1328 552 1360 curn
563 1315 592 1360 ab
603 1319 677 1360 aratro
686 1327 783 1360 aromac-

118 1374 210 1435 bantur,
227 1377 268 1439 qui
278 1379 380 1426 consules
398 1377 483 1424 fierent.
508 1377 611 1436 Etenim,
629 1377 669 1440 qui
688 1391 784 1440 praeese

118 1451 173 1498 agro
184 1439 277 1486 colendo
285 1441 397 1503 flagitium
404 1451 478 1503 putes,
489 1441 589 1504 proiecto
595 1441 662 1488 illum
670 1440 782 1500 Atilium,

118 1516 188 1563 quem
196 1503 239 1549 sui
249 1518 320 1551 manu
331 1514 473 1567 spargentem
485 1520 569 1565 semen,
579 1505 620 1568 qui
630 1505 693 1552 missi
708 1513 782 1564 eruut,

118 1575 279 1625 convenerunt,
291 1567 408 1616 bominem
418 1570 575 1632 turpissimum
591 1578 660 1632 atque
675 1568 783 1616 inhones-

117 1627 232 1679 tissimum
239 1631 358 1690 judicares.
374 1633 417 1692 At,
425 1633 524 1692 hercule,
532 1635 629 1694 majores
635 1633 705 1680 nostri
712 1633 783 1695 longe

118 1692 184 1739 aliter
198 1702 221 1741 et
231 1693 260 1742 de
270 1695 310 1745 illo
321 1705 343 1744 et
357 1696 386 1744 de
396 1698 480 1745 caeterie
496 1698 580 1748 talibus
595 1697 649 1745 virio
664 1695 782 1746 existima·

107 1756 180 1804 ibant.
209 1758 292 1822 ltaque
309 1776 338 1808 ex
355 1761 453 1808 minimi
470 1761 648 1824 tenuissimique
664 1761 782 1823 republica

116 1821 243 1869 maximam
258 1831 280 1870 et
291 1824 471 1872 florentissimam
485 1825 550 1873 nobis
558 1825 704 1888 reliquerunt
721 1825 782 1873 Suos

117 1883 179 1932 enim
197 1901 262 1948 agros
275 1888 373 1956 etudiose
388 1887 505 1946 colebant;
533 1903 580 1936 non
596 1889 681 1936 alienos
698 1888 782 1950 cupide

116 1951 268 2010 appetebantz
293 1951 377 2014 quibus
395 1954 470 2010 rebus,
490 1961 513 2000 et
529 1951 588 2014 agris
607 1961 629 1999 et
647 1953 745 2000 urbibus¹
757 1959 781 1999 et

116 2012 246 2061 nationibus
265 2016 430 2078 rempublicam
451 2025 519 2079 atque
539 2015 582 2063 hoc
602 2016 735 2078 imperium,
758 2024 782 2064 et

116 2077 196 2138 populi
203 2078 304 2126 Romani
312 2094 404 2137 nomeu,
413 2087 533 2126 auxerunt.
550 2080 634 2142 Neque
641 2094 683 2142 ego
694 2079 743 2128 haec
753 2095 781 2128 eo

117 2141 215 2202 profero,
227 2159 274 2206 quo
283 2142 425 2190 conferenda
436 2142 481 2190 sint
498 2158 550 2190 cum
566 2143 634 2203 hisce,
651 2143 680 2191 de
695 2145 780 2207 quibus

116 2216 178 2251 nunc
187 2207 310 2266 quaerimus
319 2223 327 2263 ς
345 2207 384 2254 sed
391 2215 418 2253 ut
428 2206 487 2254 illud
496 2207 644 2268 intelligatur,
652 2222 706 2254 oum
715 2207 780 2270 apud

116 2268 213 2327 majores
230 2279 317 2317 nostros
333 2270 418 2318 summi
432 2270 474 2318 viri
490 2271 652 2334 clarissimique
664 2271 780 2331 homines,

116 2327 159 2442 qui
169 2332 232 2378 omni
242 2340 344 2395 tempore
358 2335 388 2381 ad
398 2336 552 2397 gubernaculo
562 2335 692 2397 reipublicae
702 2335 781 2384 κάετε

56 2398 58 2404 ’
133 2395 237 2453 ebebeut,
249 2405 325 2444 tamen
339 2397 364 2444 in
378 2399 438 2460 agris
454 2415 545 2462 quoque
561 2399 660 2447 colendis
672 2399 778 2462 aliquan·

116 2464 168 2504 tum
178 2473 252 2520 opera
260 2461 411 2524 tempon'sque
421 2463 598 2519 consumserint3
615 2463 701 2526 ignosci
711 2479 780 2526 opor-

116 2527 163 2570 tere
174 2522 195 2568 ei
205 2523 301 2582 homini,
318 2525 359 2588 qui
375 2542 399 2573 se
413 2526 511 2574 fatemur
525 2541 572 2574 esse
588 2528 707 2586 rusticum,
724 2542 780 2580 cum

116 2584 164 2632 ruri
180 2586 283 2636 assiduus
300 2603 389 2653 semper
405 2590 502 2648 vixerim
513 2605 572 2642 cum
584 2589 709 2654 prasertim
720 2590 781 2642 nibil
