1828 2966
324 169 365 224 IN
381 173 530 225 VERREM
546 172 584 221 11.
742 171 789 220 153

122 309 242 350 accusatam
252 301 281 349 ad
292 302 403 350 ultimum
413 317 492 350 rursus
500 299 601 348 oratione
610 296 727 363 perpetui.
744 297 797 359 cu,

123 366 188 413 mina
205 366 394 430 repetundarum,
413 375 435 414 et
452 367 498 413 alia
515 366 633 428 pleraque,
651 379 680 410 ex
694 361 797 412 anteacti

123 430 171 477 viti
183 447 242 494 sape
258 431 394 478 firmantur:
412 431 511 478 sumitur
526 429 595 476 etiam
612 428 667 484 hinc
683 443 742 490 saepe
757 427 797 476 de·

122 494 204 542 fensio.
221 495 306 543 Omnis
317 495 379 542 enim
395 494 536 542 confirmatio
552 495 581 540 ab
592 492 708 540 attributis
718 507 796 556 perso·

123 572 160 605 nae
178 567 201 606 et
217 559 308 622 negotio
326 559 387 606 sumi
403 559 466 606 solet
491 558 555 620 Ergo
570 557 680 604 attributa
694 571 796 619 persona

122 623 227 670 maxime
238 623 262 670 in
274 621 376 670 anteacti
386 621 433 670 viti
444 623 515 685 quari
526 622 614 678 solent3
632 619 759 683 negotium,
771 621 796 668 in

123 686 174 750 ipso
184 687 287 734 crimine.
304 687 388 735 Libros
398 687 477 750 igitur,
489 701 531 750 pro
542 686 652 750 qualitate
663 685 796 743 criminum,

124 751 221 798 'Iunius
231 751 343 810 dividens,
355 751 464 798 anteactis
474 765 548 797 unum
559 750 630 810 dedit,
639 750 702 797 hunc
713 749 797 797 scilicet

124 815 217 872 solum3
230 816 320 862 crimini
326 815 370 878 ipsi
376 814 554 878 repetundarum
561 822 674 877 quatuor;
686 813 797 862 unnmde

122 880 176 940 jure
182 879 295 935 dicend03
307 879 406 926 alterurn
414 878 443 926 de
453 894 478 925 re
488 878 653 935 frumentariie
665 878 758 925 tertium
767 877 796 925 de

125 943 215 1005 signiae
233 953 342 1006 quartum
353 943 382 990 de
392 943 516 1006 suppliciis.
533 943 574 990 Ad
588 942 648 990 hanc
659 942 720 989 enim
732 942 797 988 simi-

122 1007 248 1055 litudinem
265 1013 334 1070 poe'ta
351 1007 464 1070 Virgilius
481 1007 597 1066 Minoem,
615 1005 717 1067 judicem
733 1005 797 1069 apud

122 1071 218 1130 inferos,
237 1081 357 1134 tamquam
374 1071 394 1118 si
427 1080 494 1118 rator
512 1071 542 1118 sit
559 1085 636 1118 rerum
653 1070 795 1132 capitalium,

125 1139 144 1166 “
156 1135 318 1199 quesitorem'
340 1151 370 1198 ap
432 1144 457 1182 t:
475 1135 516 1182 dat
530 1134 563 1182 ibi
585 1134 734 1192 sortitionem,
753 1134 796 1181 ubi

125 1203 145 1230 “
156 1201 258 1247 urnam”
273 1200 391 1247 nominat:
410 1199 449 1246 dat
464 1199 597 1246 electionem
611 1197 726 1258 judicum,
742 1211 796 1245 cunr

124 1263 190 1322 dicit,
211 1264 407 1327 “consiliumque
423 1271 489 1311 vocat
497 1264 523 1309 :”
539 1261 579 1308 dat
595 1261 747 1324 cognitionem
762 1261 797 1307 fa-

123 1329 240 1386 cinorum,
257 1344 310 1376 cum
325 1328 389 1388 dicit,
407 1329 425 1356 “
436 1327 540 1390 vitasque
557 1334 580 1373 et
595 1325 690 1374 crimina
705 1324 796 1373 discit.”

123 1393 191 1456 Ergo
202 1393 240 1440 hic
250 1393 316 1453 liber,
328 1393 408 1456 quide
419 1392 523 1439 anteactis
537 1388 584 1439 vitt
594 1397 636 1448 est,
649 1397 743 1450 statum,
755 1403 796 1436 ne-

124 1473 187 1505 cesse
198 1465 245 1513 est,
252 1457 427 1518 conjecturalem
442 1457 532 1503 habeat.
557 1455 591 1502 Ca
607 1455 640 1501 ita
654 1462 732 1502 autem
742 1471 796 1518 quae

124 1522 175 1585 ipse
191 1520 284 1568 Tullius
299 1521 360 1578 fecit,
377 1520 499 1568 dividendo
513 1527 584 1567 totam
616 1533 658 1566 auc
673 1518 797 1566 accusatio·

124 1601 190 1644 nem,
202 1594 256 1632 sunt
265 1586 332 1632 hacc
349 1585 451 1648 primum
467 1585 491 1630 in
506 1592 661 1648 quaesturam
679 1583 761 1631 deinde
770 1583 796 1630 in

123 1649 265 1712 legationem
284 1659 307 1697 et
323 1650 529 1712 viccquaesturamt
546 1648 611 1696 tertio
629 1648 654 1694 in
671 1657 796 1711 praturam

125 1717 257 1770 urbanam3
275 1722 357 1777 quarto
371 1714 395 1760 in
410 1722 534 1778 praeturam
549 1713 697 1760 Siciliensem.
721 1713 795 1772 Nam,

125 1793 182 1826 cum
191 1793 270 1826 ornnes
281 1780 331 1839 ejus
341 1785 413 1834 actus,
424 1786 544 1841 quaesturae
555 1777 657 1836 nomine,
668 1777 797 1838 legationis,

125 1851 234 1906 praeturae
244 1845 346 1900 urbanae,
358 1841 534 1905 Siciliensisque,
548 1839 712 1905 quadripertiti
725 1840 797 1888 libro-

124 1921 180 1954 rum
198 1907 309 1954 divisione
327 1915 507 1968 cognoscentiam
531 1913 634 1953 anteacta
652 1906 702 1965 ejus
718 1904 796 1951 omnla

125 1969 171 2018 hoc
185 1971 244 2018 libro
259 1971 421 2034 comprehensa
439 1979 501 2029 eunt,
519 1969 549 2016 ad
567 1984 646 2017 eorum
661 1969 731 2016 fidem
745 1983 798 2031 que

125 2043 179 2098 post
190 2034 301 2095 dicentur.
325 2034 441 2082 Prooemia
455 2047 514 2082 sane'
523 2034 593 2094 hujus
603 2033 657 2080 libri
667 2033 692 2078 in
703 2031 798 2080 simula-

126 2099 190 2146 tione
201 2100 324 2147 constituta
334 2107 396 2158 sunt,
404 2098 470 2163 quasi
481 2113 539 2146 vera
549 2096 697 2145 accusationis
707 2096 731 2142 in
739 2097 799 2144 Ver·

126 2177 177 2210 rem
188 2163 312 2210 audentem
323 2164 407 2223 adesse,
420 2172 489 2226 atque
504 2162 639 2217 defensumt
656 2161 680 2207 in
692 2160 798 2208 exhorta·

126 2226 189 2274 tione
203 2227 309 2288 judicum
326 2229 356 2275 ad
370 2237 430 2276 recte
442 2225 610 2288 Judicandum3
627 2232 678 2273 tum
693 2225 717 2272 in
728 2225 798 2274 minis

126 2300 207 2339 contra
226 2291 379 2347 adversariosc
397 2301 420 2339 et
436 2291 461 2338 in
479 2289 608 2338 exhibendi
625 2289 712 2337 ratione
729 2289 798 2337 officii

126 2355 172 2414 aui,
184 2371 226 2404 cur
236 2355 269 2403 ita
283 2356 390 2404 maluerit
398 2369 515 2414 ,accusare
526 2362 554 2400 ut
563 2351 638 2418 primi
649 2354 736 2400 actione
746 2358 798 2401 tan-

125 2427 179 2466 tum
189 2419 286 2467 testibus
297 2429 405 2468 uteretur.
422 2419 483 2478 Qua
491 2419 569 2466 omnia
579 2417 691 2478 ejusmodi
699 2427 761 2478 sunt,
769 2427 798 2466 nt

125 2497 173 2531 non
185 2493 234 2530 tam
245 2499 305 2532 nova
314 2485 396 2541 dicere,
409 2497 480 2547 quam
491 2482 552 2530 dicta
565 2481 619 2529 libri
630 2482 750 2545 superioris
760 2483 797 2528 in.

82 2595 86 2610 ,
125 2557 229 2598 staurare
240 2548 350 2596 videatur.
374 2548 489 2596 Posthac
500 2547 586 2604 omnia,
598 2546 669 2610 ipsius
681 2545 796 2594 Ciceronis

123 2627 166 2679 per
176 2612 275 2660 honores
285 2612 373 2672 Verris,
384 2627 438 2661 cum
453 2611 592 2660 criminibus
600 2611 702 2674 jubatos,
715 2607 798 2658 divisio

122 2675 281 2743 perordinem
291 2685 423 2743 temporum
433 2675 511 2727 canit.
