1824 2968
115 95 147 142 60
180 91 250 141 PRO
266 88 391 140 ROSCIO
407 87 581 160 Autumno.
598 85 662 136 Cur.
673 89 715 145 271
751 144 754 152 .

116 221 146 270 de
158 219 285 284 parricidio,
303 218 365 284 quod
382 217 430 266 sinc
448 217 528 266 multis
545 217 618 264 causis
634 217 718 280 suscipi
734 231 793 266 non-

116 293 198 349 potest.
214 283 287 348 Apud
297 283 400 330 homines
411 290 489 329 cutem
500 281 687 344 prudentissimos
694 281 786 344 egitur,

117 349 158 413 qui
168 349 308 411 intelligunt,
320 347 435 394 neminem
446 361 475 392 ne
485 346 609 392 minimum
624 346 718 408 quidem
730 360 788 392 ma-

116 413 217 462 leficium
224 413 272 460 siue
282 411 351 458 causi
360 410 486 456 admittere.

150 476 261 525 XXVII.
276 473 350 521 Esto:
363 489 454 520 oausam
460 473 560 536 proferre
570 487 616 520 non
626 480 697 536 potes.
709 473 790 520 Tam.

119 542 161 590 etsi
178 541 256 588 statim
274 538 352 585 vicisse
367 538 446 594 debeo,
457 546 535 584 tumen
545 537 574 584 de
589 553 642 584 meo
657 538 709 598 jure
720 537 791 585 dece-

120 606 192 660 dsm;
210 612 233 650 et
251 602 302 660 tibi,
314 600 375 665 quod
390 601 416 647 in
430 601 476 648 ulii
490 599 558 648 causi
572 615 619 648 non
629 600 788 662 concederem,

119 669 145 716 in
155 668 198 714 huc
209 665 338 724 concedam,
348 664 421 712 fretus
426 664 496 725 hujus
504 665 640 712 innocentii,
657 665 713 712 Non
721 681 789 728 quae·

120 747 146 780 ro
157 733 238 789 abste,
266 745 320 777 uere
330 737 418 792 patrem
425 730 478 776 Sex.
488 727 585 775 Roscius
590 728 709 775 occideritr
722 745 790 792 quus·

120 810 155 853 ro,
167 746 282 858 quomodo
292 793 403 840 occiderit.
432 792 470 838 Ita
485 807 562 855 quaero
570 793 610 838 ebs
620 799 651 851 te,
663 791 691 839 Ο.
705 791 789 851 Eruci,

122 858 256 922 quomodo;
273 865 296 904 et
312 856 344 904 sic
359 865 435 902 tecum
451 871 528 918 agorn,
545 864 579 914 ut,
596 855 621 901 in
636 871 663 903 co
678 856 736 913 loco,
749 857 790 910 ,vel

122 921 273 984 respondendi
284 921 320 968 vel
329 919 489 982 interpellandi
500 919 542 966 tibi
552 927 687 982 potestatem
695 920 789 981 faciam,

123 986 159 1035 vel
170 986 248 1042 etium,
260 984 279 1031 si
289 983 347 1047 quid
357 983 427 1039 voles,
439 982 599 1045 interrogandi
617 983 741 1042 Quomodo
752 999 790 1032 oc·

124 1049 196 1097 cidit?
215 1049 268 1112 ipse
276 1047 396 1122 percussit,
407 1061 437 1092 uu
445 1046 496 1093 aliis
506 1046 654 1094 occidendum
665 1047 746 1095 dedit?
764 1049 791 1097 Si

124 1112 133 1160 i
150 1129 201 1162 sum
217 1110 397 1175 ergu1s‚Romae
413 1125 460 1157 non
472 1109 531 1158 fuit:
549 1111 568 1158 si
584 1126 625 1174 per
640 1111 696 1160 ulios
712 1111 791 1161 fecisse

142 1178 188 1236 cis,
203 1193 289 1240 quero,
300 1190 412 1233 servosne,
428 1190 458 1221 sn
474 1173 575 1222 liberos?
592 1190 650 1237 quos
667 1174 790 1234 homiues?

126 1243 264 1291 Indidcmne
279 1240 384 1297 timorit,
396 1254 426 1286 cn
441 1239 509 1286 hosce
524 1254 553 1286 ex
569 1241 627 1286 urbe
641 1239 749 1286 uicenos?
765 1241 791 1289 si

125 1305 230 1364 Amcrii,
242 1305 282 1369 qui
293 1313 346 1352 sunt
356 1304 400 1350 hi?
417 1317 458 1349 cur
469 1318 515 1350 non
523 1303 689 1351 nominantur?
706 1304 731 1351 Si
742 1305 791 1362 Ro-

126 1371 175 1428 mi,
186 1369 248 1417 unde
259 1383 297 1415 eos
312 1375 405 1414 noverat
418 1365 522 1424 Roscius,
538 1366 579 1430 qui
598 1367 698 1415 Romam
711 1369 791 1417 multis

126 1433 192 1481 annis
207 1447 253 1480 non
271 1431 341 1488 venit,
352 1445 427 1493 neque
446 1445 549 1494 unquam
565 1431 618 1494 plus
634 1431 709 1479 triduo
727 1431 790 1482 fuit?

127 1496 177 1546 Ubi
194 1511 232 1543 eos
251 1495 375 1542 convenit?
393 1495 488 1556 quicum
504 1495 594 1542 locutus
611 1495 660 1542 esti
678 1495 792 1558 quomodo

127 1559 257 1624 persuasit?
274 1557 378 1604 Pretium
386 1557 467 1605 dedit?
483 1559 520 1605 cui
531 1559 612 1606 dedit?
629 1575 745 1622 perquem
753 1561 792 1608 de·

128 1625 182 1672 diti
200 1622 269 1681 unde,
281 1630 321 1668 aut
331 1629 443 1695 quantum
455 1621 536 1671 dedit?
554 1622 638 1670 Nonne
649 1623 684 1682 his
695 1625 792 1687 vestigiis

129 1688 159 1736 ed
170 1695 238 1750 ceput
252 1685 359 1733 malcficu
369 1685 480 1748 perveniri
495 1687 570 1735 solet?
586 1686 619 1733 Et
629 1687 698 1734 simul
713 1688 754 1735 tibi
767 1689 792 1737 iu
892 1725 893 1736 t

129 1761 231 1800 mentem
239 1750 322 1809 veniat,
329 1750 405 1808 facito,
414 1750 610 1812 quemadmodum
621 1751 692 1798 vitem
700 1751 793 1812 hujusce

130 1815 275 1890 depinxeris:
293 1814 355 1861 hunc
373 1814 491 1861 homin-
508 1814 583 1861 ferum
599 1823 671 1878 utque¹
684 1824 793 1878 agrestem
892 1845 893 1866 t

130 1880 216 1936 furssc3
233 1891 353 1940 nunquam
363 1893 417 1925 cum
427 1878 520 1926 homine
531 1893 648 1941 quoquam
659 1879 794 1928 collocutum

131 1960 194 2000 esse3
212 1957 332 2005 uunquam
340 1942 365 1987 in
372 1941 456 2004 oppido
462 1942 593 1990 constitisse.

165 2007 221 2067 Qui
234 2007 258 2054 in
270 2022 302 2063 re,
313 2013 421 2069 pretereo
431 2005 498 2063 illud,
510 2005 572 2068 quod
583 2006 641 2053 mihi
649 2007 750 2056 maximo
760 2023 795 2056 su·-

133 2080 243 2136 gumento
253 2071 282 2118 sd
292 2070 363 2131 hujus
375 2069 528 2116 innocentium
573 2078 629 2118 teret
642 2086 697 2132 csse,
708 2072 733 2118 in
746 2089 794 2121 rus·

133 2137 183 2186 ticis
194 2135 304 2193 moribus,
315 2135 340 2180 in
351 2133 412 2180 victu
422 2133 494 2193 crido,
505 2133 530 2180 in
558 2150 584 2182 uc
599 2135 691 2182 horridi
701 2135 796 2184 inuriti-

133 2216 179 2263 que
191 2199 246 2256 vict,
257 2197 385 2246 istiusmodi
394 2197 506 2244 maleficis
522 2198 586 2260 gigni
595 2213 642 2246 non
653 2200 731 2247 solere
763 2201 796 2249 Ut
813 2255 817 2265 .

134 2279 182 2311 non
190 2277 282 2310 omnem
293 2262 383 2325 frugem
391 2276 466 2325 neque
475 2263 579 2309 arborem
589 2262 614 2310 in
624 2263 688 2311 omni
699 2278 752 2326 egro
762 2279 795 2312 re·

133 2327 207 2391 perire
270 2325 275 2336 ”
309 2325 339 2373 sic
350 2341 396 2374 non
407 2341 474 2374 omne
484 2326 573 2374 fucinus
582 2325 607 2372 in
617 2327 682 2374 muni
689 2327 737 2375 viti
746 2341 795 2375 nus-

134 2391 201 2439 citur.
233 2405 249 2436 n
259 2391 316 2437 urbe
326 2389 428 2437 luxuries
442 2399 546 2438 crectru:
565 2407 594 2440 ex
603 2390 697 2438 luxurii
707 2391 794 2439 exu'sut

135 2453 238 2512 urentis,
253 2468 342 2501 necesse
356 2463 405 2501 est:
423 2469 451 2500 ex
462 2455 557 2502 avaritie
569 2463 674 2517 erumpat
690 2454 793 2502 sudcdsr

135 2517 273 2568 iudeomnie
279 2518 394 2567 scelerose
401 2518 512 2568 meleficia
517 2518 651 2582 gignuntcu.
659 2518 717 2582 Vita¹
722 2527 795 2568 cutem
831 2559 833 2564 .
