1824 2956
126 94 214 206 suf
255 131 307 194 ‚ru
324 129 474 184 menen
490 128 663 181 messes.
748 141 752 150 ·

126 259 193 308 cendi
207 268 299 326 ternpus
312 259 450 322 rejitiotde
466 257 577 318 decumis,
595 257 625 306 de
642 255 730 306 civium
748 256 803 306 lto·

125 325 248 372 munorum
265 324 394 386 mnditione
410 324 435 371 in
451 323 600 381 ustionibus,
619 319 726 384 disputes
756 323 802 386 qui

125 389 323 452 quemadmodum
339 397 413 437 essent
428 388 522 450 sceepd,
538 387 636 448 judiees,
652 386 752 436 audistis
769 403 802 436 ex

124 453 189 516 ipsis:
208 455 269 502 bone
279 454 323 502 sibi
330 462 407 516 erepte
416 468 463 500 esse
471 451 556 499 dixere.

157 517 247 565 Verum
257 518 315 577 hec,
340 517 434 564 uoniam
444 515 557 577 ejusmodi
565 529 632 562 eeuss
639 514 694 574 fuit,
701 514 800 565 serenda

125 590 191 629 eunte
219 581 278 628 nihil
299 533 396 628 vuiuisse
414 580 555 644 equitatem,
574 577 633 626 nibil
649 580 801 628 eonsuetudi-

124 659 194 692 nemr
218 645 303 692 dumne
319 645 426 708 denique,
444 644 541 705 judiees,
560 642 626 690 nulls
644 650 710 690 tante
732 655 799 704 sunt,

125 725 179 820 pure
195 724 241 756 non
257 709 300 756 viri
315 708 393 768 fortes,
408 722 493 770 magno
504 716 528 755 et
541 707 612 754 libero
622 706 702 754 animo
712 707 799 768 offecti,

137 773 220 820 erends
236 773 380 820 arbitrentur.
404 771 478 832 Quid,
498 771 518 819 si
539 771 654 834 equitibus
671 771 798 832 Romanis,

125 851 172 884 non
187 837 287 885 obscuris
297 851 372 900 neque
382 837 474 899 ignotis,
493 835 533 883 sed
546 835 646 883 honestis
661 844 685 882 et
702 835 801 884 illustri.

39 935 43 944 .
126 901 181 960 bns,
193 916 277 949 munus
291 903 320 948 sb
335 901 449 964 Apronio,
460 900 504 948 isto
514 907 618 962 pretore,
630 898 679 946 sine
692 901 745 948 ulli
756 901 802 949 dn.

30 1223 32 1228 '
128 1237 146 1286 r

127 963 238 1013 bitatione
257 964 427 1013 offerebantur?
451 964 508 1028 quid
530 963 683 1026 exspectatis?
706 965 767 1028 quid
787 981 802 1022 s

127 1043 165 1076 me
183 1028 282 1092 emplius
299 1029 422 1077 dicendum
432 1028 538 1091 putetis?
555 1043 585 1074 en
599 1027 623 1074 id
634 1027 803 1089 egendumsut

128 1107 155 1141 eo
174 1094 268 1141 celerius
284 1093 313 1140 de
331 1093 375 1140 isto
393 1092 554 1154 transigemus,
573 1106 620 1154 quo
635 1091 753 1140 meursius
772 1093 803 1144 sd

128 1157 154 1206 A
171 1157 262 1205 mnium
272 1157 386 1222 possimus
392 1157 435 1214 (id,
448 1156 511 1220 quod
522 1171 564 1218 ego
574 1155 610 1202 illi
622 1156 673 1216 jem
683 1156 709 1202 in
721 1157 802 1206 Sicilii

147 1173 244 1270 oilieitus
254 1231 317 1282 sum)
383 1221 463 1268 enire?
480 1220 522 1283 qui
533 1219 560 1268 C.
573 1219 723 1280 Matrinium,
736 1221 803 1281 judi.

129 1301 175 1345 ces,
197 1287 290 1335 summi
310 1294 394 1334 virtute
414 1284 541 1344 hominem,
564 1284 657 1331 summis
677 1283 801 1347 industrii,

130 1351 224 1398 summi
233 1351 315 1414 gratiis,
332 1349 450 1397 Leontinis
464 1348 489 1396 in
499 1347 591 1412 publico
601 1347 701 1395 biduum
712 1351 803 1399 tenuitt

131 1411 803 1540 retributionum

443 1511 450 1534 Ἰ

149 1556 179 1588 ue
196 1541 375 1600 seoommodsto‚
394 1541 496 1604 equitem
514 1541 649 1588 Romanum
665 1541 746 1590 scitote
768 1544 803 1591 bi-

131 1556 206 1651 duum
216 1604 267 1652 cibo
278 1613 382 1668 tectoque
390 1604 548 1667 prohibitum:
566 1604 666 1652 biduum
672 1605 802 1668 Leontinis

132 1667 157 1716 in
168 1668 225 1729 foro,
237 1667 344 1716 custodiis
354 1668 455 1731 Apronii
469 1677 584 1716 retentum
593 1676 664 1732 etque
678 1680 803 1732 serranum,

132 1746 208 1796 neque
218 1741 272 1780 ente
286 1731 416 1793 dimissum,
427 1747 500 1797 quem
514 1732 544 1780 od
552 1730 692 1781 oonditiones
703 1736 754 1796 ejus
766 1735 805 1784 de-

134 1805 332 1910 paciii'iiiitNam
350 1859 407 1924 quid
418 1875 460 1922 ego
471 1860 501 1908 de
511 1859 543 1920 Q.
555 1860 640 1919 Lollio,
656 1861 756 1923 judices,
772 1864 806 1912 di.

135 1942 197 1985 cam,
220 1925 297 1989 equite
328 1925 444 1982 Romano,
467 1933 568 1988 spectem
595 1933 665 1988 etque
692 1927 807 1978 honesto?

136 1991 206 2039 Clare
222 2006 258 2037 res
272 1998 315 2048 est,
328 2004 399 2053 quem
410 1988 513 2036 dicturus
528 2004 589 2048 sum,
601 1989 650 2036 toti
660 1990 740 2039 Sicilie
751 1993 808 2042 eele-

137 2055 238 2102 berrime
246 2062 316 2116 etque
324 2051 456 2100 notissimi
474 2053 524 2117 qui,
532 2062 666 2100 cumsrsmt
676 2054 808 2105 inAEtnen.

138 2118 167 2177 si,
179 2133 280 2181 cumque
294 2116 379 2180 issger
386 2116 495 2178 Apronio
511 2132 565 2164 cum
574 2117 660 2164 ceteris
674 2119 736 2181 egris
754 2130 811 2170 m

137 2181 248 2237 t'rsiditus3
272 2180 371 2244 equestri
382 2189 456 2231 vetere
466 2180 508 2228 illi
522 2189 545 2228 et
558 2182 692 2229 auctoritate
703 2192 727 2231 et
736 2185 809 2247 gredi

136 2244 218 2302 fretus,
230 2244 361 2302 affirmarit,
377 2259 401 2291 se
410 2243 543 2292 decumanis
553 2245 615 2308 plus,
626 2261 699 2308 quem
709 2247 808 2310 deberet,

137 2319 185 2352 non
202 2305 320 2352 daturum.
337 2306 447 2354 Refertur
464 2309 513 2369 ejus
528 2323 603 2356 sermo
621 2309 651 2356 ed
667 2309 808 2373 Apronium.

138 2365 264 2438 Enimvero
283 2369 326 2416 iste
342 2370 416 2417 ridere
434 2386 461 2418 sc
478 2371 566 2432 mirari,
586 2372 690 2420 Lollium
704 2375 765 2424 nihil
782 2377 809 2426 de

138 2426 260 2497 Matrinio,
272 2431 332 2477 nibil
348 2432 377 2480 de
391 2433 477 2482 caetefis
490 2437 567 2495 rebus,
579 2436 676 2484 audisse.
694 2437 772 2486 Mittit
782 2440 809 2488 sd

138 2487 258 2534 hommem
274 2491 396 2542 Veneriosr
421 2497 475 2550 (boc
501 2514 577 2561 eoque
587 2499 705 2560 attendite,
721 2505 810 2566 sppm'.

139 2557 199 2596 tores
217 2565 232 2596 e
251 2561 340 2623 ‘rretore
355 2514 598 2621 essigmosinmtsoe
607 2562 777 2626 deerimsnmn3
792 2567 809 2615 si

137 2611 222 2676 noem
259 2624 812 2690 ocreugumenmmvideriposetisermds.
