1828 2966
270 181 309 231 IN
326 181 476 232 'VERREM
494 181 530 230 Π.
547 182 612 229 Cir.
624 181 647 229 fl.
747 183 808 234 ldl=

120 309 191 360 cousi
201 309 306 360 ‘ecoedere
316 311 347 358 ed
356 311 527 359 sceussndumz
544 325 597 374 quae
607 309 731 359 ceussfuit
743 314 793 373 jus-

121 376 175 434 tior,
186 390 259 439 quem
269 389 284 422 e
293 383 342 422 tam
354 375 438 423 illustri
452 375 570 438 provinciis
584 375 725 422 defensorem
740 391 794 424 con-

122 439 189 488 stitui
207 447 230 486 et
248 439 335 501 deligi?
357 439 500 503 Reipublicae
518 440 649 487 consulere:
670 439 732 520 puisi
742 441 792 500 jam

122 503 255 567 reipublice
265 502 391 562 honestius,
403 519 483 566 quum,
492 503 517 550 in
528 503 593 551 tanti
600 503 688 551 invidia
696 505 795 565 judicio-

121 583 186 627 rum,
204 567 316 616 adducere
334 567 461 626 hominem,
481 569 547 628 cujus
565 568 712 616 damnatione
731 577 793 618 totus

122 631 180 680 ordo
190 647 244 680 eum
254 632 341 695 populo
356 633 464 680 Romano
479 640 502 679 et
515 632 540 678 in
554 632 624 680 laude
640 640 664 679 et
677 633 702 678 in
718 633 793 695 gretie

121 697 194 760 possit
205 699 271 744 esee?
289 696 453 770 Ostenderesc
466 695 609 772 peruadere,
621 697 740 744 hominem
750 713 792 746 no-

121 760 426 888 girelmi
438 769 535 872 mr}
543 761 791 883 lmltimlr

120 898 176 938 ente
186 889 348 937 damnatorum
359 889 450 949 scelere,
461 889 532 948 hirta,
544 889 639 952 flagitis,
651 890 704 937 siin
714 906 791 939 unum

120 955 200 1002 locum
208 953 361 1017 conferentur,
369 954 469 1002 vixctun
476 953 547 1016 huJus
553 952 624 1018 perri
632 962 697 1018 purte
704 956 791 1020 equari

119 1017 265 1081 oonferrique
274 1018 357 1080 posse?
776 1053 780 1058 .

155 1083 213 1140 Vos,
231 1081 293 1145 quod
311 1081 341 1130 sd
359 1091 458 1130 vestrm
475 1081 571 1141 famem,
589 1082 790 1144 existimationem,

120 1147 267 1210 salutemque
280 1161 427 1194 communem
443 1147 549 1211 pertinet,
559 1145 655 1207 judices,
671 1148 792 1210 prospicite

121 1220 193 1275 atque
207 1211 324 1258 consulite.
348 1211 462 1274 Splendor
478 1219 551 1258 vester
567 1210 630 1269 facit,
646 1219 673 1258 ut
689 1226 790 1273 peccare,

120 1275 171 1324 siue
183 1290 275 1323 surmno
284 1275 416 1338 reipublice
430 1275 567 1322 detrimento
582 1289 609 1320 ac
623 1274 733 1337 periculo,
743 1289 791 1322 nou
872 1281 877 1285 ’

118 1340 220 1404 possitis.
236 1340 293 1388 Non
299 1340 361 1387 enim
371 1347 446 1403 potest
454 1353 543 1402 sperare
550 1339 655 1414 populus'
658 1339 788 1399 Romanus,

120 1420 170 1454 esse
181 1405 237 1452 elios
247 1404 271 1450 in
282 1413 371 1462 senoni,
382 1403 423 1467 qui
434 1412 494 1452 recte
504 1411 591 1466 possint
599 1401 709 1463 judicare,
721 1419 761 1451 vos
772 1404 792 1451 si

121 1483 170 1517 non
177 1468 303 1532 potueritis.
319 1469 418 1516 Necesse
424 1477 466 1528 est,
474 1483 527 1516 curn
534 1467 563 1515 de
571 1475 619 1514 toto
625 1467 705 1516 ordine
711 1468 791 1532 despe-

120 1533 187 1592 ririt,
202 1533 266 1580 aliud
280 1547 353 1596 genus
364 1532 495 1592 hominum,
509 1541 578 1595 etque
592 1531 662 1579 aliern
679 1533 790 1582 rationem

118 1597 270 1659 judiciorum,
280 1598 388 1661 requirat.
414 1597 467 1644 Hoc
477 1597 496 1644 si
506 1596 571 1644 robis
581 1596 632 1644 ideo
643 1596 716 1644 levius
726 1598 790 1646 vide·

120 1671 168 1720 tur,
181 1661 243 1724 quod
253 1662 339 1726 putetis
353 1676 411 1709 onus
426 1677 473 1710 esse
487 1674 557 1724 greve
570 1669 594 1708 et
606 1661 789 1721 incommodum,

118 1727 234 1788 judicare:
246 1727 373 1790 intelligere
379 1725 474 1784 debetis,
481 1725 583 1789 primum
590 1725 704 1783 interesse,
709 1733 789 1774 utrum

119 1791 145 1838 id
156 1805 214 1839 onus
225 1799 312 1838 vomet
322 1790 366 1854 ipsi
372 1790 507 1850 rejeceritisr
524 1805 563 1849 en,
571 1789 633 1854 quod
643 1791 739 1853 probare
746 1807 789 1854 po-

119 1856 177 1918 pulo
187 1857 295 1902 Romano
305 1855 376 1902 fidem
391 1864 490 1902 vestrm
503 1862 526 1901 et
539 1854 672 1917 religionem
685 1867 731 1900 non
746 1869 788 1916 po-

119 1919 218 1978 tueritis,
226 1919 322 1967 eovobis
328 1918 447 1980 judicandi
454 1927 552 1982 potestas
560 1926 636 1982 erepte
644 1919 679 1965 sit.
696 1918 788 1966 Deinde

119 1984 191 2031 etium
201 1983 260 2030 illud
275 1983 380 2046 cogitate,
396 1991 482 2046 quanto
496 1983 597 2046 periculo
611 1981 702 2029 venturi
716 1982 789 2029 simm

119 2047 150 2096 sd
161 2064 199 2096 eos
207 2047 304 2110 judiees,
316 2061 382 2110 quos,
399 2055 491 2110 propter
504 2046 584 2094 odium
599 2045 676 2106 vestri,
687 2046 788 2108 populus

119 2113 242 2160 Romanus
252 2112 281 2160 de
291 2111 355 2160 vobis
365 2111 462 2159 voluerit
469 2109 578 2173 judicare.

152 2177 244 2224 Verum
261 2176 325 2224 vobis
341 2175 417 2223 dicem
434 2175 467 2233 id,
484 2174 547 2238 quod
564 2173 676 2231 intellexi,
692 2173 788 2233 judices.

118 2241 235 2290 Homines
249 2241 329 2288 scitote
341 2253 391 2288 esse
403 2238 524 2304 quomam,
539 2253 599 2302 quos
607 2246 698 2284 tentum
708 2239 788 2287 odium

119 2306 190 2354 vestri
200 2305 286 2353 ordinis
296 2313 379 2364 teneat,
391 2313 419 2352 ut
432 2303 476 2350 hoo
485 2304 563 2378 pelam
576 2303 626 2378 jem
640 2301 752 2378 dictitent,
764 2319 788 2352 se

118 2366 788 2506 pffioqffimeffiwelsvsieylfflmgpnassmbppglgpspplpigtg

119 2516 161 2564 per
170 2498 324 2562 ignominiam
338 2496 552 2560 turpitudrnemque
565 2495 703 2545 auferentur.
728 2497 788 2546 Hoee

119 2579 166 2623 me,
181 2563 279 2625 judiees,
294 2562 399 2625 pluribus
413 2561 488 2610 verbis
502 2559 619 2608 vobiscum
634 2575 701 2624 egere
714 2562 789 2623 eo'egit

118 2643 166 2678 non
176 2628 247 2676 timor
257 2641 323 2674 meus
333 2626 362 2674 de
369 2625 444 2674 iestri
453 2624 507 2684 fide,
515 2623 554 2672 sed
561 2639 611 2688 spes
617 2625 711 2671 illorum
718 2639 786 2680 nove,

117 2692 336 2758 quaecumVerrem
347 2688 553 2754 eportisubitosd
561 2688 675 2798 jpdicium
682 2687 788 2735 mnaru-

548 2765 564 2800 P
576 2753 583 2770 Ι
