1824 2956
244 139 284 198 ut
300 144 451 199 vaenum
468 147 515 198 1v.
530 148 596 198 err.
608 141 647 198 ru
731 137 784 200 aaa

6 293 14 326 e
112 277 195 326 liarem
212 281 301 326 mum?
313 279 416 326 ‘veniam
432 278 565 342 Syracusas,
585 286 620 335 ut,
642 285 666 325 te
683 265 784 340 pretore

6 377 14 390 e
115 343 229 401 videlicet,
241 358 307 406 aequo
319 341 329 403 [
334 344 407 406 jure],
419 343 561 405 Apronium,
574 341 666 390 delicias
676 357 703 389 ac
714 341 785 390 vitam

6 423 12 454 r
112 415 189 465 mam,
199 407 287 468 judicio
297 407 461 470 recuperatorio
472 409 658 472 persequantur?

7 473 12 496 ²
124 498 126 504 ε
146 472 238 519 Verum
248 480 312 518 estor
330 471 453 534 reperietur
463 471 547 534 aliquis
557 471 622 518 fortis
633 479 655 518 et
666 469 784 533 experiens

110 544 198 594 arator,
211 535 260 599 qui,
267 551 322 582 eum
332 543 423 582 tantum
431 535 518 582 dederit
525 535 661 594 decumano,
669 543 784 597 quantum

6 620 12 650 ι
111 599 157 646 ille
168 600 246 647 deberi
256 599 348 658 dixerit,
358 597 445 660 judicio
453 607 587 662 repetat'et
596 613 688 662 poenam
699 598 787 662 octupli
822 609 826 616 ’

6 681 12 714 t
111 673 270 727 persequetur.
288 664 404 726 Exspecto
417 663 465 710 vim
478 663 554 721 edicti,
569 664 711 710 severitatem
725 679 784 726 prae-
836 674 838 682 ’

113 728 184 775 toria:
202 727 267 775 faveo
284 727 383 783 aratori3
401 727 468 790 cupio
484 727 571 790 octupli
586 727 691 774 daurnari
705 727 784 790 Apro-

112 792 188 838 nium.
206 791 271 851 Quid
287 791 380 838 tandem
390 791 491 854 postulat
504 794 598 840 arator?
614 791 681 850 nihil,
697 791 784 838 nisiex

6 877 12 909 ⁵
113 855 188 903 edicto
196 856 309 917 judicium
324 857 350 902 in
363 856 488 918 octuplum.
506 855 571 915 Quid
581 855 719 918 Apronius?
736 870 783 903 non

6 945 12 973 ς
113 930 210 967 recusat.
228 919 294 978 Quid
310 919 410 982 praetor?
425 920 492 980 jubet
504 928 670 984 recuperatores
683 919 781 980 rejicere.

113 983 226 1032 Decurias
237 985 369 1032 scribamus.
387 984 453 1042 Quas
459 984 579 1039 decurias?
596 983 626 1031 de
633 983 724 1032 cohorte
730 984 784 1032 mel

6 1074 12 1102 ¹.
113 1049 209 1109 rejicies,
216 1049 299 1112 inquit
317 1047 399 1107 Quid?
416 1048 460 1095 ista
466 1048 545 1095 cohors
553 1063 653 1112 quorum
659 1048 782 1096 hominum

6 1133 11 1167 ·;
113 1115 168 1160 est?
185 1113 277 1160 Volusii
284 1113 418 1175 haruspicis,
426 1121 448 1159 et
459 1111 559 1160 Cornelii
567 1111 658 1169 medici,
668 1121 690 1158 et
697 1112 782 1160 horum
815 1119 823 1158 ¹.

6 1201 11 1228 ε·
113 1189 208 1234 canum,
218 1192 275 1241 quos
286 1177 388 1224 tribunal
396 1191 475 1224 meum
486 1175 549 1222 vides
556 1177 665 1223 lambere.
683 1176 747 1222 Nam
754 1176 783 1223 de

113 1250 228 1288 conventu
245 1242 338 1288 nullum
351 1255 384 1286 un
400 1256 456 1287 uam
471 1240 573 1300 judicem
584 1254 626 1287 nec
641 1248 784 1302 recuperato-

113 1320 164 1354 rem
181 1305 260 1353 dedit:
278 1305 369 1368 iniquos
385 1257 520 1352 decumanis
539 1319 586 1351 esse
603 1303 678 1351 aiebat
695 1319 783 1364 omnes,

113 1369 157 1433 qui
167 1369 241 1416 ullam
253 1370 302 1432 agri
313 1369 406 1432 glebam
416 1368 563 1432 possiderent
581 1368 729 1416 veniendum
736 1377 785 1416 erat

110 1433 143 1480 ad
155 1449 193 1481 eos
208 1441 286 1482 uonna
295 1433 437 1496 Apronium,
450 1433 491 1496 qui
505 1433 609 1480 nondum
622 1432 692 1480 etiam
705 1433 783 1496 Apro·

114 1497 179 1544 niani
189 1497 288 1546 convivii
298 1498 417 1561 crapulam
428 1497 578 1544 exhaldssent.

147 1562 210 1610 XII.
227 1562 251 1611 Ο
272 1563 408 1626 preclarum
429 1569 453 1609 et
473 1561 700 1609 commemorandum
720 1561 784 1622 judi-

113 1626 192 1674 oium!
211 1642 225 1674 ο
236 1641 340 1674 severum
350 1626 465 1674 edictum!
484 1634 583 1673 ctutum
593 1625 727 1689 perfugium
734 1641 784 1674 ara·

113 1691 208 1740 torum!
412 1705 413 1710 ¹

146 1759 237 1818 Atque,
251 1763 279 1802 ut
294 1755 435 1818 intelligatis,
453 1753 582 1815 cujusmodi
596 1753 640 1801 ieta
655 1753 742 1814 judicia
758 1753 783 1801 in

109 1819 243 1882 octuplum,
255 1819 384 1881 cujumrodi
394 1819 460 1866 istius
470 1818 500 1865 de
514 1817 606 1864 cohorte
616 1825 783 1880 recuperatores

112 1883 239 1932 existimati
247 1884 307 1939 sinte
326 1883 357 1930 sie
368 1882 484 1931 attendite.
501 1881 607 1944 Ecquem
618 1881 704 1944 putatis
715 1880 784 1928 decu-
853 1916 856 1924 ,

110 1961 220 2006 manum,
231 1947 274 1995 hec
284 1945 503 2010 licentii-permissi,
510 1953 538 1992 ut
547 1945 638 1992 ancum
646 1945 675 1992 ab
686 1953 790 2003 aratore,

111 2020 229 2076 quantum
237 2013 382 2075 poposcisset,
389 2010 496 2068 auferret,
505 2010 567 2073 plus,
575 2023 646 2071 quam
654 2008 782 2072 deberetur,

110 2077 259 2151 poposcisse?
277 2075 424 2124 Considerate
439 2089 496 2122 curn¹
504 2073 583 2121 vestris
600 2073 684 2119 animis
695 2081 782 2120 vosmet

109 2140 166 2203 ipsi,
179 2155 274 2204 ecquem
284 2140 378 2204 putetis,
394 2138 520 2202 presertim
531 2152 584 2184 cum
595 2135 628 2194 id,
642 2151 688 2183 non
706 2136 781 2183 solum

110 2204 216 2263 avaritiis,
228 2205 268 2252 sed
278 2205 348 2252 etiam
360 2201 550 2266 [imprudentia]
564 2200 664 2248 accidere
674 2200 781 2262 potuerit.

111 2268 205 2316 Multos
212 2283 301 2316 neeesse
309 2277 349 2316 est.
366 2268 402 2315 At
409 2283 452 2329 ego
458 2281 537 2314 omnes
545 2265 596 2312 dico
602 2265 663 2327 plus,
673 2279 699 2312 ac
707 2266 782 2313 multo

110 2333 176 2395 plus,
192 2347 263 2395 quam
281 2332 396 2391 decumas,
413 2331 539 2378 abstarlisse.
557 2328 620 2376 Cedo
636 2328 695 2375 mihi
707 2343 782 2378 unum

108 2411 141 2444 ex
153 2397 251 2444 triennio
268 2406 374 2460 praeturae
384 2405 439 2453 tue,
455 2395 495 2458 qui
506 2393 593 2456 octupli
606 2392 729 2440 damnatus
744 2393 781 2441 sit.

110 2460 246 2508 Damnatus
255 2464 266 2508 Ρ
283 2461 356 2508 immo
367 2475 428 2518 vero,
437 2459 462 2505 in
470 2473 540 2522 quem
549 2456 663 2519 judicium
671 2473 701 2504 ex
709 2457 782 2505 edicto

104 2533 154 2572 ‘tuo
170 2525 315 2588 postulatum
332 2525 368 2572 ait
386 2525 463 2572 Nemo
478 2530 526 2570 erat
540 2521 644 2568 videlicet
657 2530 783 2580 aratorum,

105 2589 155 2652 qui
170 2589 281 2648 injuriam
294 2589 338 2636 sibi
348 2589 433 2636 factam
449 2586 514 2649 queri
527 2593 616 2648 posset:
634 2599 703 2632 nemo
717 2585 786 2631 decu-

103 2667 248 2712 manorum,
259 2653 301 2716 qui
311 2667 384 2714 grana
394 2651 494 2714 amplius
505 2649 557 2709 sibi,
572 2649 644 2712 qu'am
654 2649 787 2704 deberetur,
