1824 2968
179 249 390 304 PRO⁴ROSGIO
405 250 583 300 Animum
600 251 704 308 cini
740 255 773 304 13

106 381 228 434 reaudioc
246 396 303 445 quac
318 381 448 430 inimicitias
463 381 483 428 si
500 389 640 429 tamccvere
657 381 775 445 potuins'et,

108 462 180 512 quain
186 454 288 494 metuere
294 446 388 503 solebat,
395 445 487 493 viveret.
504 443 588 508 Neqiic
598 445 669 504 enim,
678 445 775 506 judices,

108 509 193 572 injurii
203 511 336 558 metuebat:
353 525 407 558 nain
418 510 465 556 due
472 509 510 556 isti
521 517 574 556 sunt
580 509 611 556 T.
623 510 700 557 Roscii
709 512 777 572 (quo-

110 591 164 624 rum
182 574 247 622 alteri
258 573 365 636 Capitoni
375 588 501 636 cognomen
515 581 565 630 est:
581 573 632 632 iste,
652 574 693 637 qui
703 573 775 634 admi,
807 603 811 610 ·

112 639 216 701 Magnus
226 646 330 695 vocatur)
339 638 444 684 hemines
454 637 581 697 ejusmodi:
599 637 655 685 alter
665 638 777 700 plurima-

110 718 165 751 rum
175 703 307 765 palmarum
318 709 382 749 vetus
398 717 424 749 ac
439 701 522 748 nobilis
538 701 649 763 gladiator
662 703 775 758 habetur3

111 767 150 815 hic
161 775 240 813 autem
250 779 323 826 nupsi
338 780 362 811 se
378 765 407 811 ed
420 779 474 812 eum
488 764 595 812 lanistam
609 765 718 812 contulit:
736 765 777 840 qui

113 845 177 905 pum,
194 836 247 875 ante
258 827 322 900 ,hanc
337 843 446 892 pugnam,
462 829 577 910 tiiopsset
593 829 693 904 ementii3
711 825 794 878 facile‘

112 893 669 1029 ¹⁹⁶ti1ttttffttm⁵⁰it⁸stfttitfflli²
665 903 776 1016 lise,

117 1019 149 1066 Τ.
161 1020 394 1068 autemutcRoscius
409 1021 507 1076 Reman
523 1037 577 1069 cum
594 1021 632 1068 hic
646 1020 707 1069 filius
722 1022 777 1070 assi·

117 1083 178 1131 ciuus
188 1082 212 1130 iu
225 1083 314 1146 prediis
326 1093 391 1144 esset,
405 1101 504 1149 cumque
519 1101 550 1143 se,
564 1085 680 1133 voluntate
698 1085 777 1148 patris,

116 1147 149 1195 rei
165 1147 271 1194 familiari
284 1148 383 1212 viteque
399 1149 488 1197 rustice:
504 1149 616 1206 dedissem
641 1149 683 1196 iste
700 1157 776 1196 autem
797 1209 801 1214 ι

115 1211 221 1274 frequens
229 1212 311 1259 Rcmae
319 1221 393 1269 essct:
410 1213 518 1261 occiditur
525 1213 555 1260 aii
563 1213 655 1260 balneas
661 1212 778 1260 Palatinas

114 1275 202 1324 rediens
213 1291 227 1322 a
237 1276 302 1325 coeni
312 1277 365 1327 Sex.
377 1277 479 1328 Roscius.
497 1278 568 1340 Spero
578 1291 608 1323 ex
618 1275 661 1323 hoc
671 1275 721 1339 ipso
731 1290 778 1324 nen

113 1355 162 1388 esse
173 1342 305 1399 obscurum,
317 1340 346 1388 ed
370 1355 423 1390 uem
436 1339 777 1404 suspiciomaleficiipsrtineat:

112 1419 194 1453 verum
205 1403 239 1462 id,
256 1404 318 1467 quod
374 1420 403 1452 uc
413 1414 447 1452 est
461 1404 619 1468 suspiciosum,
635 1403 680 1451 nisi
691 1404 779 1468 perspi-

114 1483 232 1580 ωιὸᾞὲ
243 1468 637 1581 ἱξῗεοῆἱίἑὲἱὴυηοᾳίῆυωᾚρφ
646 1469 780 1580 judicatote.t
810 1525 817 1534 ι

112 1596 212 1644 Mallius
231 1565 329 1645 Glaucia
345 1549 538 1661 quidpmpnpoippo
552 1542 779 1656 tenffilibenrlinntlii,

113 1660 184 1709 cliens
195 1669 219 1708 et
232 1660 350 1708 familiaris
365 1661 431 1708 istius
446 1661 477 1708 Τ.
494 1661 586 1708 Roscii:
604 1669 627 1709 et
637 1661 728 1710 nuntiat
738 1661 779 1709 do-

110 1739 190 1784 mum,
201 1739 248 1772 non
258 1725 309 1783 filii,
320 1725 360 1772 sed
370 1725 401 1772 Τ.
413 1725 538 1788 Capitonis,
549 1724 652 1773 inimici·
674 1733 705 1784 et,
725 1739 780 1772 cum

112 1798 167 1852 post
176 1789 256 1836 horam
268 1789 366 1852 primam
377 1790 449 1838 noctis
461 1789 546 1836 occisus
556 1798 621 1847 esset,
633 1788 712 1851 primo
718 1788 780 1835 dilii-

114 1853 167 1900 culo
177 1853 273 1900 nuntius
282 1853 320 1900 hic
330 1853 452 1900 Ameriam
462 1853 530 1901 venit.
552 1851 640 1900 Decem
654 1852 715 1900 horis
725 1867 780 1900 noc-

114 1917 189 1964 turnis
201 1931 241 1964 sax
252 1924 275 1964 et
285 1916 452 1980 quinquaginta
461 1917 535 1964 millia
542 1932 652 1979 passuum
658 1915 717 1964 cinis
727 1931 779 1978 per-

115 1980 217 2037 volavit:
234 1994 281 2026 non
293 1979 362 2028 modo
376 1988 404 2028 ut
417 1989 551 2044 exoptatum
563 1980 656 2028 inimico
670 1981 780 2026 nuntium

115 2043 205 2106 primus
223 2044 320 2104 afferret,
339 2044 378 2092 ced
396 2045 466 2096 ctiam
484 2059 587 2094 muorem
605 2043 692 2090 inimici
708 2057 780 2105 quam

114 2106 304 2167 recentissimum,
316 2107 434 2173 telumque
448 2109 518 2174 paule
533 2116 587 2156 ante
603 2123 616 2156 e
630 2121 722 2170 corpore
740 2121 781 2154 ex·

115 2179 224 2229 tractum,
235 2172 369 2222 ostenderet·

148 2235 288 2295 Quctriduo,
295 2235 347 2300 'quo
360 2236 409 2285 haec
421 2245 484 2300 gesti
494 2244 556 2294 sunt,
567 2252 603 2284 ies
610 2235 640 2283 ad
650 2235 780 2299 Chrysogo-

116 2314 175 2347 num
185 2299 210 2346 iu
220 2307 293 2348 castra
303 2301 332 2348 la.
342 2301 413 2350 Sulla
420 2302 550 2350 Volaterras
557 2299 673 2349 defertur:
690 2300 781 2362 magni·

109 2363 173 2411 ,tudo
198 2363 302 2426 pecunie
323 2365 504 2414 demonstratur:
528 2365 617 2414 bonitas
641 2364 780 2427 proeliorum

116 2429 183 2480 (nain
201 2426 286 2475 fundos
301 2427 380 2476 decem
398 2438 420 2476 et
439 2439 484 2476 tres
498 2428 598 2492 reliquit,
616 2429 657 2491 qui
674 2428 780 2475 'libai-im

115 2490 164 2540 tere
173 2506 254 2539 omnes
266 2500 383 2554 tangunt),
394 2492 464 2553 hujus
474 2492 551 2555 inopia
567 2501 590 2540 et
606 2491 704 2539 solitudo
718 2506 781 2539 coni·

116 2564 265 2603 memoratur.
289 2555 462 2615 Demonsnant,
473 2571 526 2604 cum
537 2563 601 2618 pater
609 2556 715 2615 hujusce,
727 2555 781 2608 Sex.¹

118 2617 357 2678 Roseunhomoem
427 2618 781 2682 udusetgiatiosunnuuoneg-

117 2683 311 2741 oecumenicus,
374 2684 431 2734 ncile
443 2684 514 2740 hunc,
528 2682 646 2730 homiuem
662 2680 781 2726 incautum

109 2756 139 2810 ,et
146 2747 266 2810 metiente,
276 2756 299 2796 et
308 2748 511 2811 Rameignotum,
523 2745 638 2794 demedio
648 2741 698 2790 tolli
708 2752 780 2802 passe-
