1824 2956
59 1105 61 1111 ¹
133 1062 185 1100 tum
196 1054 231 1101 uti
242 1053 311 1105 Xeno

124 156 175 204 alo
258 155 299 208 IN
314 155 464 208 VERREM
477 155 528 206 ·1v.
538 155 602 205 Osr-
614 157 657 204 28.

126 283 275 344 demasonus,
286 299 333 334 non
342 285 463 334 decumam
471 285 581 342 debitam,
592 299 639 333 non
649 284 803 333 frumentum

126 358 242 396 remotum
259 359 328 414 etque
347 351 455 408 celatum,
471 350 510 398 sed
529 349 605 398 uilici«
616 359 707 412 septem
721 349 802 396 millis

127 413 271 462 medimnim
283 431 311 462 ex
323 414 471 476 Nymphonis
480 415 628 473 arctioribus,
641 413 710 460 edicti
721 411 800 476 pmii,
890 449 891 488 ,

127 492 174 524 non
185 477 330 526 redemtionis
338 478 415 542 aliquo
423 479 484 539 jure,
496 479 563 526 tollit.
800 509 805 515 -

161 542 248 590 XXII.
260 543 363 590 Xenonis
374 542 479 600 Meneni,
490 542 626 590 nobilissimi
635 541 747 599 homiuis,
755 557 803 588 ura

129 606 174 654 oris
187 605 274 653 fundus
291 615 339 653 erat
355 606 435 654 colono
445 607 538 654 locstus.
556 607 666 665 Colonus,
677 606 743 669 quod
761 605 802 653 de-

129 685 280 718 cumanorum
290 669 385 729 injurios
396 670 454 718 fene
467 685 513 719 non
525 680 622 734 poteret,
632 685 663 717 ex
677 685 735 732 agro
746 685 803 732 pro-¹

130 733 227 796 fugeret.
256 733 338 782 Verres
349 735 373 782 in
385 734 507 782 Xenonem
522 735 636 796 judicium
653 734 725 781 mbae
739 733 802 781 illud

130 813 199 844 suum
216 797 385 846 damnatorium
402 799 431 846 de
445 801 554 862 jugerum
568 799 716 862 professione
732 798 803 845 Xeno

131 861 161 910 nd
172 877 195 908 se
205 861 317 924 pertinere
328 865 438 925 negabat:
456 863 556 911 fundum
563 864 676 910 elocatum
684 877 734 909 esse
741 862 804 909 dioe-

131 926 178 974 bet.
206 925 284 972 Dabat
305 926 347 974 iste
366 926 490 987 judicium,
510 927 562 975 “Si
580 927 695 990 pareret,”
720 928 804 988 juger·
890 917 891 936 ¹

131 989 182 1049 ejus
191 988 259 1036 fundi
270 991 403 1102 esseffira,
415 1006 486 1054 quem
499 992 592 1039 colonus
605 999 663 1038 esset
676 990 803 1053 professus,

375 1063 475 1103 naretur.
492 1055 590 1102 Dicebat
605 1055 653 1113 ille,
668 1069 717 1102 non
731 1053 803 1102 modo

131 1132 179 1166 non
191 1119 265 1166 trisse
275 1134 299 1166 se
310 1119 352 1178 (id,
364 1113 426 1182 quod
434 1119 488 1166 satis
496 1127 562 1179 erat),
574 1119 613 1166 sed
627 1134 669 1168 nec
679 1118 804 1166 dominum

132 1183 184 1242 ejus
195 1199 242 1232 esse
252 1182 327 1243 fundi,
336 1198 378 1230 nec
385 1183 519 1232 locstoremr
537 1183 616 1231 uxoris
626 1199 687 1239 esse;
705 1197 758 1230 eam
769 1183 805 1246 ip-

135 1263 184 1294 sam
199 1263 268 1295 suum
284 1248 401 1310 negotium
415 1263 504 1309 gerere:
530 1248 604 1312 ipsam
620 1247 737 1295 locavisse.
755 1247 806 1294 De·

134 1311 243 1359 fendebst
253 1312 375 1361 Xenonem
385 1311 454 1358 homo
465 1327 556 1360 summo
567 1311 687 1374 splendore
702 1319 726 1358 et
740 1327 806 1358 sum-

136 1375 177 1422 mi
188 1376 320 1424 auctoritate
333 1375 450 1438 proditus,
462 1375 499 1422 Μ.
517 1376 638 1424 Gosserius.
663 1375 712 1423 Iste
722 1375 807 1422 nihilo·-

136 1438 215 1485 mInus
228 1439 342 1499 judicium
360 1440 402 1488 Hs
420 1439 518 1488 LXXX
533 1440 634 1487 millium
652 1440 729 1487 dabat
752 1439 806 1496 Ille,

136 1503 227 1552 tametsi
234 1512 400 1565 recuperatores
410 1503 439 1551 de
449 1504 540 1552 cohorte
549 1505 670 1552 latronum
676 1505 722 1552 sibi
731 1503 808 1567 parari

138 1563 237 1624 videbat,
249 1573 325 1612 tamen
334 1567 448 1626 judicium
459 1577 605 1631 accepturum
617 1585 640 1616 se
651 1584 699 1616 esse
710 1568 807 1616 dicebar.

137 1628 202 1676 Tunr
219 1629 261 1677 iste
277 1631 363 1692 magni
380 1645 434 1680 voce
451 1633 556 1680 Veneriis
572 1633 679 1695 imperat,
696 1642 723 1680 ut
739 1633 808 1680 Xeno

133 1693 236 1753 audiret,
254 1693 347 1742 “Dum
364 1709 399 1742 res
416 1696 539 1756 judicetur,
555 1697 673 1744 homiuem
692 1705 721 1744 ut
737 1711 808 1744 asser·

138 1766 210 1814 vent;
227 1773 282 1806 eum
289 1759 418 1819 judicatum
429 1760 467 1819 sit,
476 1760 506 1808 ed
517 1777 541 1808 se
551 1761 666 1808 adducant
673 1762 699 1808 r''
716 1771 742 1808 et
749 1759 809 1808 illud

135 1822 209 1872 simul
217 1823 284 1882 dixit,
297 1839 320 1871 se
331 1837 377 1870 non
387 1833 477 1886 putere,
486 1825 562 1883 illum,
572 1826 599 1883 si,
610 1825 807 1888 propterdrvitirs,
890 1863 891 1886 ,

136 1902 216 1950 poenss
232 1888 383 1936 damnationis
400 1897 562 1948 contemneret,
580 1890 649 1937 eriam
664 1890 741 1952 virgas
756 1903 809 1938 con·

139 1960 247 2000 temnere.
272 1952 324 2000 Hac
330 1951 369 1998 ille
380 1952 403 1999 vi
413 1961 436 2000 et
446 1952 490 2000 hoc
500 1961 564 2000 metu
579 1953 700 2012 adductus,
717 1962 809 2001 tantum
890 1951 891 1960 ²

138 2015 279 2074 decumanis,
291 2024 403 2080 quantum
414 2016 456 2064 iste
467 2016 594 2078 imperavit,
607 2017 712 2066 exsolvit.

83 2106 85 2114 ι
171 2079 272 2127 XXIII.
291 2081 452 2127 Polemarchns
463 2089 496 2128 est
507 2081 681 2144 Murgentinus,
693 2082 809 2129 virbonus

141 2153 210 2206 stque
221 2145 335 2191 honestus.
354 2145 388 2202 Is,
398 2159 460 2202 crim,
472 2160 514 2207 pm
522 2146 641 2208 jugeribus
652 2145 809 2209 quinquagin-

138 2215 170 2263 tn,
188 2208 306 2254 medimna
317 2208 382 2256 DCC
394 2208 496 2256 decumo
510 2209 686 2272 imperarentur,
699 2210 764 2274 quod
774 2225 809 2256 re·

137 2271 239 2327 cusabat,
254 2269 349 2318 domum
358 2272 466 2319 edietum
477 2271 513 2332 [in
522 2275 574 2337 jus]
586 2273 698 2321 deductus
709 2283 758 2330 est3
777 2281 808 2330 et,

136 2345 190 2377 eum
208 2331 250 2378 iste
267 2334 336 2381 etiam
354 2337 454 2393 cubaret,
472 2337 503 2383 in'
514 2337 646 2385 cubiculum
665 2337 808 2384 introductus

136 2402 192 2464 eser¹
200 2395 271 2465 quod,
279 2397 322 2442 nisi
331 2399 422 2446 mulieri
433 2407 456 2446 et
467 2400 602 2459 decumano,
613 2404 708 2464 patebat
718 2401 760 2448 alii
770 2416 808 2448 ne·

135 2467 200 2526 num·
219 2455 257 2500 lbr
270 2472 324 2504 cum
343 2462 427 2524 pugnis
445 2471 468 2510 et
482 2465 581 2511 calcibus
598 2466 724 2512 conscissus
742 2472 807 2524 eset,

134 2514 262 2587 (ΝΜΟ
281 2523 404 2584 medimnis
422 2525 524 2575 decidere
541 2529 659 2588 noluisset,
675 2529 742 2576 mille
756 2543 809 2592 pro-

134 2585 295 2693 ffiumc
316 2655 350 2698 eo
372 2650 502 2714 omnus,
526 2654 704 2719 monnone
727 2656 807 2714 homo
