1820 2958
125 160 175 208 set
256 155 295 218 ΙΝ
312 155 462 206 VERREM
478 156 529 204 ΙΙΙ.
540 156 604 204 One.
617 155 655 204 ll‘.

120 287 174 350 plus
192 285 249 334 meli
263 285 352 334 Sioiliae
366 285 437 344 dedit,
453 297 526 349 quem·
542 285 561 332 si
578 291 671 332 centum
687 281 793 330 cohortes

120 350 272 414 fugitivorum
290 351 394 409 fuissent,
412 358 454 397 tue
474 363 558 397 manus
577 348 625 396 sine
641 346 792 395 controversis

121 413 173 463 fuit.
191 410 313 479 Quidquid
328 417 357 462 ab
375 415 459 461 horum
475 413 586 476 quopiam
600 421 694 474 ceptum
711 421 753 470 est,
767 411 792 458 id

122 495 169 530 non
186 479 256 526 modo
275 479 317 526 tibi
333 479 422 538 dotum,
436 478 475 526 sed
486 478 528 525 tui
543 493 614 524 manu
633 486 789 536 numeratum,

119 541 218 604 judicari
229 559 318 591 necesse
327 551 367 590 est.

126 651 130 659 ,
154 609 227 666 Nem,
241 607 260 654 si
270 607 329 653 hanc
340 607 493 654 defensionem
504 604 637 669 probabitis,
654 607 672 633 ‘⁶
685 605 741 652 Non
752 619 789 652 ac-

121 671 182 734 eepit
192 672 241 735 ipse
250 670 276 727 ;’‘
292 671 354 731 lieet,
366 671 444 718 omnis
453 671 483 717 de
493 669 595 733 pecuniis
610 668 743 734 repetundis
751 670 791 729 jus

121 735 181 783 diois
191 733 281 782 tollatis.
300 735 378 782 Nemo
388 750 493 798 unquam
506 745 555 782 tarn
570 749 630 791 reus,
643 742 692 780 tem
708 748 792 780 nocens

120 799 253 857 adducetur,
261 799 302 862 qui
308 799 352 846 istri
360 795 489 848 defensione
496 814 542 848 non
550 798 621 862 possit
628 798 671 845 uti.
688 797 792 855 Etenim,

120 877 174 910 oum
185 862 268 910 Verres
285 872 371 922 utetur,
383 864 434 927 quis
452 864 494 911 erit
510 879 615 927 unquam
632 862 727 925 posthac
739 877 791 910 rens

119 923 168 974 t‘sm
179 927 290 990 perditus,
302 928 343 990 qui
354 943 400 976 non
409 928 438 975 sd
453 928 485 987 Q.
504 927 580 975 Mucii
591 926 745 974 innocentiam
756 941 792 974 re·

120 989 216 1048 feretur,
228 992 315 1039 simum
333 991 377 1039 isto
394 993 541 1040 conferatur?
565 992 650 1054 Neque
666 997 792 1038 nunctum

119 1055 178 1103 mihi
188 1056 227 1104 isti
242 1057 339 1104 Verrem
350 1055 470 1104 defendere
480 1057 595 1115 videntur,
604 1071 676 1118 quem
687 1055 712 1102 in
720 1055 792 1102 Verre

121 1117 259 1170 defensionis
278 1130 365 1170 tentore
383 1121 501 1168 rationem.
526 1119 583 1180 Qut
599 1119 629 1167 de
645 1135 678 1179 re,
695 1118 793 1180 judiees,

88 1235 91 1241 ,
119 1185 185 1252 vobis
197 1201 334 1249 magnopere
349 1185 516 1249 providendum
527 1193 567 1232 est.
592 1183 696 1232 Pertinet
709 1183 752 1230 hoo
763 1183 793 1230 sd

120 1265 237 1297 summem
252 1251 390 1313 reipublice,
402 1259 425 1298 et
442 1250 471 1297 sd
487 1249 685 1308 existimationem
697 1247 791 1308 ordinis,

121 1313 265 1378 salutemque
278 1315 398 1362 sociorum.
416 1314 441 1362 Si
452 1314 513 1362 enim
524 1313 655 1360 innocentes
666 1311 793 1360 existimari

119 1378 236 1435 volumus,
248 1393 294 1425 non
306 1379 381 1426 solum
397 1393 438 1426 nos
448 1378 595 1437 abstinentes,
607 1376 729 1424 sedetiam
739 1392 793 1424 nos-

120 1449 168 1489 tros
178 1443 279 1500 comites,
291 1451 397 1504 prestere
408 1443 525 1490 debemus

129 1557 133 1564 ,-
154 1505 201 1552 XI.
219 1505 326 1553 Primum
333 1506 438 1568 omnium
446 1523 515 1570 opem
526 1505 602 1554 dende
613 1514 655 1564 est,
664 1515 692 1553 ut
702 1520 794 1552 eosno·

119 1569 209 1629 bissum
220 1569 340 1630 ducemus,
352 1570 393 1633 qui
403 1579 486 1618 nostre
496 1572 564 1619 femae
581 1570 696 1633 capitique
710 1584 795 1617 oonsu-

120 1633 185 1690 lent:
203 1633 294 1693 deinde,
317 1634 344 1691 si,
361 1635 385 1681 in
400 1634 533 1684 hominibus
548 1635 665 1698 eligendis,
681 1649 731 1682 nos„
743 1649 796 1698 spes

120 1697 228 1744 amicitiae
242 1697 356 1758 fefellerit,
370 1706 397 1746 ut
411 1699 560 1760 vindicemus,
577 1700 657 1746 missos
671 1698 793 1757 feriemus,

120 1775 211 1825 semper
227 1762 261 1810 isa
277 1764 390 1824 vivemus,
407 1772 434 1811 nt
448 1765 560 1813 rationem
574 1763 714 1811 reddendum
728 1763 798 1811 nobis.

40 1844 43 1851 ·
121 1826 266 1874 arbitremur.
291 1828 398 1877 Africani
409 1837 442 1876 est
452 1829 503 1888 hoo,
515 1829 615 1876 hominis
625 1827 796 1876 liberslissimis

122 1894 292 1955 tvemmtemen
308 1908 335 1940 ee
349 1893 472 1941 liberalitas
485 1902 519 1941 est
537 1892 730 1956 probandaque
746 1891 797 1940 sine

121 1955 223 2020 periurio
239 1957 413 2005 existimationis
425 1966 466 2015 est,
482 1957 544 2005 utin
555 1957 596 2005 illo
606 1957 670 2015 fuit)
687 1957 751 2004 Cum
764 1958 795 2004 ab

120 2035 148 2068 so
165 2021 260 2083 quidam
278 2029 344 2069 vetus
355 2029 483 2080 assectator,
495 2037 524 2069 en
543 2036 640 2069 numem
656 2020 795 2082 amisorum,

119 2099 167 2132 non
179 2085 319 2149 impetraret,
328 2087 364 2133 uti
372 2103 395 2134 se
403 2086 537 2149 praefectum
545 2087 570 2132 in
576 2085 683 2132 Africum
692 2085 795 2146 (luderet,

121 2157 144 2196 et
155 2149 179 2195 id
188 2148 256 2201 ferret
266 2150 375 2198 moleste:
395 2152 412 2178 “
422 2151 505 2208 Noli,'’
517 2151 602 2214 inquit,
615 2153 633 2178 “
641 2149 729 2207 mirari,
741 2149 796 2196 situ

121 2227 137 2260 s
146 2227 185 2260 me
195 2214 240 2261 hoo
250 2229 296 2261 non
307 2215 422 2278 impetras.
451 2215 504 2278 Ego
513 2214 653 2278 jampridem
670 2215 699 2261 eb
710 2228 746 2272 eo,
758 2214 799 2260 cui

120 2291 199 2324 meam
214 2278 406 2327 existimationem
422 2295 498 2328 cerem
513 2279 561 2327 fore
576 2279 681 2335 arbitror,
693 2287 757 2341 peto,
768 2284 798 2324 ut

122 2355 215 2388 meeum
226 2340 346 2403 profectus
356 2344 527 2406 proficientium
546 2353 569 2391 et
583 2343 659 2390 adhuc
672 2343 798 2406 impetrare

122 2417 169 2450 non
180 2407 300 2464 possum’'
324 2407 419 2454 Etenim
430 2424 455 2456 re
465 2409 519 2456 veri
529 2409 604 2456 multo
615 2407 690 2470 magis
707 2416 741 2454 est
754 2422 797 2470 pe·

122 2465 219 2512 tendum
230 2469 259 2514 sb
270 2469 411 2530 hominibus,
424 2473 443 2520 si
458 2473 515 2520 solvi
530 2481 552 2519 et
562 2471 652 2520 honesti
667 2486 715 2518 esse
729 2472 798 2520 volu-

122 2541 184 2600 mus,
193 2538 220 2574 ut
230 2533 408 2581 esntnobisenm
419 2535 444 2581 in
454 2535 604 2598 provinciam,
614 2551 685 2599 quam
696 2535 741 2582 hoc
748 2534 798 2581 illis

120 2603 147 2636 sn
161 2592 266 2664 lrenelieii
280 2594 330 2642 loco
343 2597 500 2646 deferendum·
524 2600 570 2648 Sed
585 2608 621 2658 tu,
638 2614 693 2646 cum
708 2609 731 2646 et
743 2607 798 2646 tuoe

120 2667 206 2702 smroos
218 2655 243 2702 in
259 2659 411 2722 provinciam,
425 2663 491 2724 qussi
500 2663 524 2711 in
535 2664 646 2727 predam,
660 2663 794 2717 invitasses
