1820 2958
244 154 285 213 nt
301 160 458 214 VERREM
467 153 598 212 uncle.
610 163 652 212 391
731 157 787 213 trb-

113 292 185 350 {atirn
202 298 255 340 ante'
268 293 350 341 horam
361 293 450 341 tertiam
461 294 533 341 noctis
543 293 572 340 de
582 293 631 341 foro
640 307 687 340 non
698 288 782 340 disces·

113 356 151 403 sit.
169 357 281 404 Postridie
298 373 366 405 mane
380 359 509 406 descendit:
527 358 674 420 Agathinum
690 357 719 405 ad
734 371 781 403 seso

112 429 194 467 vocat:
213 423 281 482 jubet
298 437 352 470 eum
371 422 400 469 de
418 421 488 470 literis
505 422 603 485 publicis
620 421 645 468 in
664 423 781 469 absentem

113 484 237 532 Sthenium
254 485 335 533 dicere.
363 487 421 534 Erat
435 487 548 548 ejusmodi
562 502 638 544 causa,
655 495 682 532 ut
695 486 735 532 ille
752 501 782 532 ne

113 548 163 596 sine
172 549 299 597 adversario
310 549 412 614 quidem,
424 551 486 613 apud
495 550 615 598 inimicum
624 549 734 610 jndicem,
746 566 784 598 re·

111 611 186 675 perite
194 624 277 675 posset,
286 614 344 677 quid
353 614 443 663 diceret
472 616 555 678 Itaque
565 624 655 662 tantum
664 616 733 661 verbo
740 629 783 677 po.
797 625 801 633 ·

112 677 168 734 suit,
184 678 304 726 Sacerdote
321 687 424 741 pretore,
444 679 565 727 Sthenium
583 680 659 726 literas
677 681 788 742 publicas·

112 741 246 804 corrupisse.
263 742 312 790 vix
320 743 360 790 ille
369 742 413 790 hoc
421 743 517 801 dixerat,
528 759 581 790 cum
590 744 632 791 iste
639 744 780 807 pronuntiat,

113 805 267 853 “Sthenium
283 805 360 866 literas
377 807 480 869 publicas
496 809 620 872 corrupisse
639 808 743 856 viderit''
759 819 781 857 et

111 867 163 917 haec
179 879 288 933 praeterea
304 871 391 919 addidit
405 872 475 919 homo
488 872 610 932 Venerius,
626 887 686 920 noro
702 875 780 934 modo,

112 934 179 980 nullo
193 935 308 998 exemplo,
326 938 343 964 “
352 935 392 984 Ob
403 951 454 983 eam
465 951 514 984 rem
525 937 568 984 HS
579 937 722 1000 quingenties
732 940 783 987 Vc«

111 998 163 1044 neti
173 998 281 1062 Erycinae
291 998 320 1046 de
328 1000 416 1047 Sthenii
424 1001 489 1048 bonis
497 1005 631 1052 exacturum
639 1003 665 1048 =”
675 1004 784 1068 bonaque

109 1063 164 1122 ejus
170 1063 247 1110 statim
256 1064 439 1126 coepitvendere:
452 1074 474 1112 et
481 1065 624 1122 vendidisset,
636 1066 780 1116 sitantulum

112 1141 185 1174 morae
209 1126 298 1188 fuisset,
324 1129 448 1190 quominus
464 1129 485 1176 ei
502 1130 599 1192 pecunia
615 1129 656 1176 illa
673 1145 782 1180 numeras

111 1197 183 1238 retur.

116 1277 121 1289 ·
144 1254 182 1302 lia
196 1263 248 1322 post
290 1273 345 1304 uam
360 1265 480 1306 numerata
494 1267 538 1316 est,
551 1265 670 1306 contentus
682 1257 725 1306 hac
735 1259 780 1306 ini-

110 1319 201 1384 quitate
213 1272 335 1368 noriaiuit:
353 1322 431 1386 palam
445 1323 475 1370 de
492 1323 548 1370 scili.
561 1339 588 1369 ac
603 1323 712 1370 tribunali
726 1339 780 1387 pro·

109 1383 213 1440 nuntiat,
231 1385 286 1433 “Si
301 1385 354 1449 quis
367 1389 483 1434 absentem
498 1387 620 1435 Sthenium
635 1386 667 1434 rei
678 1388 780 1450 capitalis

109 1455 178 1496 reum
189 1447 262 1496 facere
273 1451 348 1510 vellet,
361 1466 407 1498 sese
415 1452 465 1512 ejus
475 1465 559 1499 nomen
569 1459 713 1514 recepturum
721 1453 746 1498 t''
758 1461 780 1501 et

111 1511 192 1568 simul,
210 1520 237 1559 ut
251 1513 281 1560 ad
293 1529 386 1562 causam
397 1515 517 1576 accederet,
530 1531 660 1579 nomenque
674 1517 779 1575 deferret,

110 1576 276 1639 Agathinum,
285 1593 371 1626 novum
386 1579 478 1627 affinem
492 1589 561 1644 atque
574 1581 696 1643 hospitem,
714 1583 781 1645 coepit

110 1641 206 1688 hortari.
234 1641 298 1688 'I'um
313 1644 352 1690 ille
367 1645 434 1702 clare,
450 1645 557 1692 omnibus
567 1645 720 1705 audientibus,
733 1661 780 1694 sese

110 1704 137 1752 id
148 1719 195 1752 non
204 1721 251 1752 esse
261 1706 384 1766 factumm,
397 1723 470 1772 neque
479 1725 502 1756 se
512 1723 585 1772 usque
595 1709 722 1756 eoSthenio
733 1725 780 1758 esse

112 1769 244 1828 inimicum,
261 1781 288 1818 ut
299 1787 352 1819 eum
363 1772 395 1819 rei
406 1771 507 1835 capitalis
522 1773 613 1820 affinem
629 1787 675 1820 esse
688 1773 778 1821 diceret.
802 1824 805 1829 ,

113 1833 163 1880 llic
181 1842 232 1881 tum
247 1845 339 1898 repente
353 1836 452 1884 Pacilius
467 1837 571 1900 quidam,
588 1836 659 1883 homo
676 1851 743 1898 egens
757 1847 781 1884 et

112 1897 178 1958 levis,
196 1899 295 1946 accedite
314 1900 353 1958 ait,
366 1900 385 1948 si
395 1901 480 1960 liceret,
491 1915 574 1948 nomen
585 1899 683 1946 absentis
693 1901 781 1949 deferre

113 1979 138 2024 se
149 1963 213 2011 velle.
235 1963 353 2024 luterem,
365 1973 388 2012 et
402 1963 477 2025 licere,
491 1974 516 2024 et
524 1965 573 2011 fieri
584 1965 662 2022 solere,
674 1973 697 2010 et
707 1979 730 2011 se
745 1979 780 2012 re·

111 2038 241 2090 ceptorum.
266 2027 349 2092 ltaque
366 2029 472 2076 defertur.
496 2029 573 2076 Edicit
587 2029 673 2086 statim,
691 2037 717 2075 ut
735 2027 780 2076 Ca-

112 2091 187 2138 lendis
198 2091 332 2140 Decembris
342 2093 400 2139 adsit
411 2093 518 2141 Sthenius
525 2092 649 2156 Syracusis.
675 2092 729 2151 llic,
739 2094 782 2156 qui

112 2155 216 2204 Romam
228 2157 332 2216 venisset,
348 2157 447 2220 satisque
460 2157 554 2206 feliciter
565 2157 619 2204 anni
628 2157 676 2218 jam
688 2157 781 2205 adverso

113 2229 217 2282 tempore
227 2222 363 2284 navigitsset,
379 2223 500 2286 omniaque
514 2222 630 2269 habuisset
644 2220 743 2284 aequiora
758 2231 787 2270 et·

112 2285 261 2348 placabiliora
276 2301 347 2350 quam
363 2287 466 2340 animum
484 2286 586 2350 preterit
596 2289 667 2348 atque
676 2285 779 2348 hospitis,

112 2350 294 2398 remadamiros
309 2367 361 2398 suos
369 2350 464 2398 detuht:
482 2359 578 2413 quae,'ut
597 2349 684 2413 [erant]
701 2354 781 2399 acerba

111 2423 183 2478 atque
193 2413 296 2478 indigna,
308 2415 340 2461 sic
351 2413 510 2478 [videbantur]
522 2414 635 2462 omnibus.

147 2477 271 2525 XXXIX.
283 2480 366 2541 Itaque
375 2479 401 2525 in
409 2488 488 2526 senatu
497 2479 604 2526 continuo
615 2479 658 2527 Cn.
667 2479 782 2528 Lentulus

113 2551 137 2590 et
155 2542 184 2589 L.
198 2542 287 2590 Gellius
304 2545 406 2590 consides
423 2543 510 2590 faciunt
526 2543 674 2599 mentionem,
693 2543 789 2606 placere*

113 2607 193 2666 statui,
211 2607 230 2654 si
247 2607 349 2670 patribus
365 2607 496 2670 conscriptis
511 2607 632 2665 videretur,
650 2613 668 2637 ‘⁶
680 2608 718 2654 Ne
729 2609 781 2655 abs·

114 2678 178 2719 trites
192 2671 295 2720 homines
312 2671 336 2719 io
345 2671 465 2734 provinciis
475 2671 507 2719 rei
518 2673 598 2720 fierent
608 2685 684 2719 rerum
696 2671 791 2733 capita-¹¹
