1828 2966
261 195 302 245 nt
319 195 467 247 vnnnnu
486 197 507 244 1.
526 195 590 244 on.
605 159 639 250 ιζ’
701 201 704 210 ·
735 191 782 241 rso

66 355 70 360 -
107 323 173 372 mim
183 324 232 388 agit
242 325 419 386 munitissimo
433 317 700 390 proponitinmu'mihi
714 320 781 368 nobi·

108 387 190 447 litatis,
201 389 246 438 hoc
256 399 299 450 ost,
309 389 432 438 boninum
441 388 606 452 moguntium,
617 386 725 441 numium
739 383 781 447 qui

108 465 157 499 non
173 461 223 501 tem
237 469 276 502 me
292 455 429 518 impediunt,
446 455 509 518 quod
526 453 614 501 nobiles
629 459 691 510 nunt,
708 462 781 512 quem

108 516 231 577 adjuvent,
242 519 305 582 qnod
313 519 361 567 noti
371 526 432 566 sunt.
449 519 549 566 Simulat
557 533 581 565 se
588 531 668 564 eorum
676 511 782 577 presidio

108 581 233 692 ffifflffe’
250 598 305 632 eum
318 583 404 630 interes
417 582 482 630 aliud
494 582 606 646 quiddam
616 582 668 642 jem
678 579 719 626 diu
729 592 781 624 ms-

149 653 226 696 neuin.

142 710 225 768 Quem
241 727 307 774 spem
324 726 387 758 nunc
405 711 489 759 hebeat
506 711 532 758 in
548 710 663 768 menibus,
683 716 706 756 et
722 704 781 770 quid

108 774 228 831 molietur,
239 777 338 824 breviter
345 777 404 837 jam,
414 775 510 836 judices,
519 790 645 837 apennine
659 773 699 821 sed
706 771 779 834 prius,

108 846 137 884 ut
147 841 177 886 sb
187 839 255 886 initio
265 855 300 887 res
311 841 340 887 ab
355 855 382 887 eo
397 840 519 886 constitute
533 840 571 897 sit,
585 854 670 902 queso,
686 850 781 898 eognos-

108 901 160 949 eite.
187 904 222 951 Ut
240 904 343 966 primum
360 920 373 952 e
391 904 509 966 provincii
525 903 600 961 rediit,
619 902 729 952 redemtio
747 905 781 946 est

109 964 182 1027 hujus
198 967 280 1028 judieii
296 969 357 1016 sueta
371 968 453 1030 grandi
470 968 574 1031 poeonii.
598 968 636 1015 lle
652 964 737 1013 mansit
753 963 780 1010 iu

108 1031 323 1106 conditionesque
339 1041 406 1096 poeto
421 1048 495 1095 usque
510 1032 540 1079 sd
556 1047 610 1079 eum
626 1031 705 1086 finem,
722 1027 781 1074 dum

88 1094 198 1156 .judioes
215 1098 292 1156 rejects
309 1106 370 1144 sunt.
395 1097 548 1160 Posteaquam
567 1095 657 1156 rejectio
673 1093 780 1154 judicum

108 1159 171 1208 lento
182 1169 231 1216 est3
249 1161 311 1223 quod
322 1170 352 1221 et,
367 1161 392 1207 in
403 1161 528 1220 sortitione,
538 1159 604 1207 istius
614 1173 678 1220 spem
689 1157 781 1204 fortune

106 1224 190 1287 populi
201 1225 311 1284 Romani,
319 1234 350 1283 et,
362 1225 387 1271 in
397 1224 524 1285 rejiciendis
533 1223 657 1284 judicibus,
668 1227 720 1267 meo
727 1219 782 1266 dili·

106 1288 188 1351 gentis
198 1288 295 1336 istorum
305 1289 482 1352 impudentiam,
493 1288 591 1341 viserem
608 1284 738 1334 renuntias
748 1290 782 1330 est
817 1287 820 1294 '

108 1360 157 1400 tots
168 1352 296 1400 conductio.
317 1353 428 1400 Praeolsre
439 1368 508 1400 seres
518 1353 624 1408 lrsbsbst.
644 1349 730 1396 libelli
739 1362 782 1395 no·

107 1417 203 1465 minum
222 1425 356 1475 vestrorum,
376 1416 510 1480 eonsiliique
527 1417 606 1477 hujus,
628 1415 653 1462 in
674 1413 782 1461 monibus

109 1481 297 1530 santumnium.
309 1483 334 1530 N
336 1483 384 1529 ulle
390 1491 452 1542 note,
462 1482 540 1528 nullus
547 1481 617 1540 solor,
626 1479 697 1528 oullae
705 1477 782 1526 sordes

110 1545 249 1594 ridebuntur
263 1546 299 1593 his
314 1547 431 1594 sententiis
445 1545 510 1593 silini
523 1561 603 1610 posset
621 1560 675 1592 cum
689 1544 731 1592 iste
746 1558 782 1591 re-

109 1619 189 1674 pente,
206 1625 236 1658 ex
251 1610 321 1658 elueri
336 1619 406 1674 etque
420 1611 482 1669 loto,
500 1611 531 1658 sio
545 1619 593 1658 erat
606 1609 701 1657 humilis
712 1617 782 1672 etque

109 1675 233 1733 demissus,
244 1685 272 1722 ut
286 1689 333 1721 non
348 1675 417 1723 modo
431 1675 518 1738 populo
531 1675 646 1732 Romano,
662 1673 782 1721 sedetiam

7 1783 12 1792 ,
110 1740 156 1787 sibi
171 1739 229 1802 ipse,
246 1738 411 1786 condonemus
426 1739 547 1786 videretur.
575 1741 636 1788 Eece
651 1747 730 1785 sutem
745 1752 782 1784 re-

110 1813 189 1867 pente,
200 1803 237 1850 his
247 1803 328 1850 diebus
338 1804 425 1866 paucis,
436 1804 533 1851 comitiis
543 1803 699 1852 oonsulsribus
706 1801 781 1861 fectis,

111 1867 326 1916 eso-illucere
333 1867 626 1930 oonsilispecunilsmejore
634 1873 781 1931 repeurntu13

111 1931 246 2044 condemnasse
257 1940 336 1979 vestro
346 1931 415 1979 semo
425 1931 568 1995 fortunisque
578 1932 683 1980 omnium
695 1928 784 1978 insidia

110 2013 154 2062 per
164 2012 191 2044 eo
219 2011 257 2043 em
267 1995 371 2044 homines
384 2005 552 2059 comparantur.
575 1996 637 2055 Quae
649 2011 685 2042 res
698 1994 783 2056 primo,

109 2061 209 2124 judices,
225 2060 331 2123 pertenui
347 2061 412 2108 nobis
427 2068 562 2123 arguerem
575 2059 705 2124 indicioque
719 2065 784 2120 pote·

111 2126 173 2174 foetu
187 2133 235 2172 est:
253 2133 313 2187 post,
331 2133 409 2188 operto
424 2125 557 2188 suspicionis
571 2124 675 2181 introitu,
690 2121 720 2168 nd
733 2137 785 2170 om·

110 2191 151 2238 nis
165 2190 249 2236 intimo
263 2189 359 2238 istorum
374 2189 468 2237 oonsilio
484 2189 533 2236 sine
549 2189 599 2237 ullo
615 2203 689 2237 errore
704 2201 783 2253 perve-

111 2269 201 2303 nimus.

145 2319 208 2367 Vll.
223 2320 296 2379 Nom,
308 2327 335 2367 ut
346 2319 492 2377 Hortensius,
504 2319 584 2367 consul
593 2317 732 2380 designante,
744 2317 785 2366 do-

111 2399 181 2432 mum
192 2384 343 2432 reducebatur
353 2401 366 2432 e
377 2385 476 2447 Campo,
485 2399 538 2431 curn
546 2381 649 2430 maximi
656 2382 786 2446 nequeunt

111 2465 140 2498 ec
155 2449 320 2506 multitudine;
341 2449 368 2496 lit
384 2449 476 2496 obviam
492 2463 545 2496 cusu
562 2447 583 2496 el
598 2447 742 2495 multitudini
757 2448 785 2496 C.

112 2513 204 2569 Curio;
225 2529 295 2576 quem
313 2529 355 2576 ego
371 2513 499 2572 hominem,
515 2512 608 2560 honoris
623 2513 698 2575 potius
714 2511 787 2576 quo'm

112 2578 261 2628 eontumeliae
272 2579 350 2636 causi,
362 2577 507 2628 nominatum
519 2578 577 2625 volo.
602 2576 696 2624 Etenim
711 2592 738 2624 es
752 2577 788 2622 di-

110 2657 176 2700 osm,
188 2657 241 2706 que
251 2643 300 2703 ille,
312 2643 332 2690 si
342 2641 517 2694 commemorari
526 2641 644 2700 noluisset,
656 2655 711 2699 non,
722 2647 787 2686 tento

111 2707 140 2756 in
157 2715 282 2768 museum,
300 2715 350 2756 tom
366 2714 445 2772 operte
461 2707 586 2771 palemque
606 2705 715 2752 dixisms
736 2717 789 2766 qur·
