1828 2966
311 457 355 516 IN
376 455 410 516 C.
429 455 596 514 VERREM
618 455 641 514 1.

171 633 193 682 Ι.
216 634 300 693 Quon
320 641 369 680 erat
389 633 518 698 optandum
536 632 647 691 maxime,
668 630 778 692 judices,
790 639 814 680 et
892 627 893 640 ¹

139 698 202 760 quod
213 713 287 745 unum
298 698 328 744 ad
338 697 450 746 invidiam
465 698 533 746 vestri
544 697 630 744 ordinis
640 697 813 759 infamiamque

136 762 275 822 judiciorum
291 762 424 822 sedandam,
440 762 542 810 maxime
556 761 700 824 pertinetem
721 761 747 808 id
764 775 813 808 non

137 825 240 874 humano
252 827 354 887 consilio,
370 827 409 874 sed
423 842 494 890 prope
509 825 627 884 divinitus,
643 825 726 872 datum
741 833 814 888 etqua

137 891 243 938 oblatum
260 891 324 940 vobis
341 907 432 938 summo
446 890 578 954 reipublicae
592 898 696 954 tempore
710 889 811 937 videtur.

138 953 278 1004 Inveteravit
294 956 355 1004 euim
370 957 421 1016 jam
436 955 514 1018 opinio
529 955 655 1018 perniciosa
668 954 812 1016 reipublice,

138 1019 248 1082 vobisque
262 1021 397 1084 periculosa,
413 1037 466 1084 quae
480 1035 526 1067 non
541 1019 611 1066 modo
625 1019 719 1078 Romae,
736 1019 777 1066 sed
789 1027 813 1068 et

137 1084 201 1146 apud
212 1093 299 1132 extems
310 1085 420 1143 nationes,
436 1084 541 1132 omnium
556 1098 659 1131 sermone
671 1083 813 1145 percrebuit,

138 1147 175 1196 his
187 1149 279 1209 judiciis
298 1167 349 1214 quae
368 1165 430 1198 nunc
445 1148 499 1209 sint,
514 1148 663 1212 pecuniosum
678 1147 809 1206 hominem,

139 1214 245 1276 quemvis
257 1215 286 1262 sit
297 1229 387 1274 nocem,
400 1213 516 1261 neminem
524 1228 590 1276 posse
598 1211 711 1265 damnari.
729 1211 755 1258 N
756 1227 813 1272 une,

137 1276 162 1324 in
173 1277 223 1342 ipso
233 1279 363 1328 discrimine
374 1278 459 1326 ordinis
471 1278 658 1340 judiciorumque
671 1283 810 1338 vestrorum,

138 1357 193 1389 cum
204 1344 250 1392 sint
259 1345 341 1407 parati,
357 1343 399 1407 qui
413 1342 559 1390 concionibus
570 1350 593 1388 et
602 1340 692 1404 legibus
702 1340 764 1389 hanc
774 1341 811 1388 in.

137 1405 224 1454 vidium
231 1411 322 1456 senatis
327 1409 471 1455 inflammare
477 1415 596 1466 conentur,
603 1421 656 1452 reus
663 1405 688 1452 in
695 1404 812 1466 judicium

137 1469 250 1518 adductus
261 1480 295 1518 est
305 1472 332 1519 G.
344 1473 437 1529 Verres,
448 1471 518 1520 homo
529 1470 577 1519 vitii
588 1478 657 1532 atque
668 1469 743 1527 factis,
757 1483 809 1516 om·
892 1477 893 1524 l

137 1533 205 1580 nium
221 1535 271 1594 jem
289 1535 404 1598 opinione,
423 1536 554 1594 damnatus,
572 1533 676 1597 pecunie
691 1534 811 1596 magnitu-

137 1595 200 1656 dine,
212 1597 254 1644 sula
265 1614 304 1661 spe
315 1615 341 1648 ec
353 1599 522 1662 predicatione,
538 1599 663 1648 absolutus.
687 1597 752 1646 Huic
768 1613 811 1662 ego

138 1675 220 1719 muse,
234 1663 331 1722 judices,
346 1679 400 1712 cum
415 1663 507 1712 summi
522 1665 639 1714 voluntate
654 1671 677 1710 et
692 1672 810 1726 exspecta«

137 1724 200 1772 tione
210 1727 291 1789 populi
302 1727 412 1786 Romani,
427 1737 488 1776 actor
499 1727 589 1787 accessi,
604 1741 651 1774 nou
666 1735 694 1774 nt
701 1743 809 1790 augerem

138 1788 250 1836 invidiam
265 1791 358 1852 ordinis,
373 1793 413 1840 sed
426 1800 453 1838 ut
467 1792 569 1840 infamia
584 1792 702 1839 communi
717 1807 809 1841 sirccur-
892 1785 893 1806 ¹

138 1867 220 1901 rerem.
243 1855 343 1904 Adduxi
357 1857 418 1904 enim
433 1855 561 1914 hominem,
572 1857 598 1902 in
609 1871 656 1918 quo
666 1855 809 1903 reconciliare
892 1895 893 1898 ,

138 1917 331 1968 existimationem
344 1921 484 1982 judiciorum
499 1921 617 1977 amissam,
632 1919 706 1967 redire
719 1919 745 1966 in
758 1935 809 1982 gra·

139 1983 197 2030 tiam
207 1999 261 2032 cum
272 1987 358 2048 populo
369 1985 486 2043 Romano,
502 1984 629 2032 satisfacere
644 1983 726 2031 exteris
737 1984 808 2031 natio·
892 1977 893 2004 ³

138 2047 215 2107 nibus,
237 2050 348 2112 possetis;
372 2049 554 2112 depeculatorem
576 2048 657 2106 aemrii,
677 2057 806 2096 vexatorem

138 2112 203 2158 Asiae
214 2121 283 2176 atque
294 2113 447 2177 Pamphylia,
458 2112 590 2174 predonem
603 2112 662 2172 juris
672 2111 762 2170 urbani,
774 2113 807 2159 la·

137 2177 192 2223 bem
203 2186 272 2240 atque
286 2178 409 2240 perniciem
423 2176 546 2240 provinciae
561 2176 650 2225 Siciliae.
675 2175 713 2224 De
727 2191 773 2239 quo
788 2175 806 2223 si

138 2254 179 2287 vos
193 2255 269 2288 severe
283 2241 431 2304 religioseque
444 2240 614 2302 judicaveritis3
634 2239 754 2287 auctoritas
770 2255 804 2299 ea,

138 2317 192 2365 quae
208 2303 234 2350 in
251 2305 315 2351 vobis
332 2321 449 2352 remanere
465 2305 541 2363 debet·
557 2304 668 2352 haerebit:
692 2304 726 2351 sin
742 2304 805 2351 istius

139 2365 243 2427 ingentes
254 2367 338 2415 divitia
349 2369 489 2428 judiciorum
500 2369 633 2432 religionem
643 2367 805 2431 veritatemque
892 2367 893 2382 ¹

137 2429 302 2491 perfregerint3
320 2447 362 2494 ego
376 2433 420 2479 hoc
434 2441 512 2480 tamen
526 2434 680 2496 assequan'ut
693 2432 805 2494 judicium

138 2491 214 2554 potius
225 2492 363 2555 reipublice,
375 2511 446 2558 quam
461 2505 503 2544 aut
516 2513 568 2545 reus
582 2495 708 2558 judicibus,
719 2504 760 2543 aut
769 2511 806 2544 uc·

138 2563 228 2603 cusator
238 2571 285 2615 reo,
296 2557 395 2605 defuisse
406 2559 516 2608 videatur.
557 2571 562 2580 “

172 2618 209 2668 11.
224 2619 351 2682 Equidem
367 2630 394 2670 ut
408 2623 438 2672 de
454 2639 493 2674 me
508 2625 625 2687 confitear,
640 2623 738 2688 judice,
754 2639 807 2674 mm
