1824 2956
123 133 172 184 346
253 134 294 184 ΙΝ
310 133 460 186 visuum
476 133 523 186 lv.
540 135 604 186 car.
622 135 662 184 eu

123 262 250 339 syrenas,
266 260 796 328 monsqusauomsuvmpmrues
889 249 896 258 “

122 327 171 389 quia
188 329 253 392 copia
268 339 433 393 recuperatores
449 329 512 389 rejici
530 335 652 392 oporteret,
670 328 713 390 qui
729 329 797 376 aliter

120 391 223 450 judicare
240 394 305 440 nullo
319 393 388 440 modo
398 401 496 456 possent
515 393 590 440 Instat
600 392 731 440 Scandilius
741 407 794 456 pos·

121 470 171 503 cere
188 466 359 519 recuperatores.
384 457 448 504 'Pom
467 457 517 517 iste,
529 457 599 507 homo
614 457 734 514 innocens,
752 457 794 520 qui

121 518 187 567 illam
198 521 348 583 suspicionem
358 522 441 581 levare,
457 529 527 584 atque
541 523 571 569 ab
585 536 609 568 ae
623 536 742 568 remcoere
754 537 795 569 cu·

121 585 664 698 astremundus
674 585 794 696 tuma

120 681 220 759 accuso'?
243 713 268 758 in
286 729 333 776 quo
350 729 427 761 meam
443 665 579 761 induiti-iam
597 729 625 761 ac
638 664 793 775 'diiigentiff

120 775 215 836 spectari
223 777 292 823 volo?
309 777 418 840 quidest,
431 777 494 841 quod
504 793 555 840 ego,
566 776 662 825 dicendo
673 785 716 824 aut
729 778 793 840 cogi-
895 787 896 794 ¹

120 838 198 896 tando,
218 839 305 888 efficere
319 850 360 890 aut
376 842 466 906 assequi
482 841 596 890 debeam?
613 841 704 900 Tusco,
717 851 793 900 meo,

118 901 545 1032 astutissimam
590 905 794 1018 suffit

641 1003 649 1028 l

120 983 285 1096 [iverrentem]
304 1049 353 1081 rem
363 1033 537 1082 frumentariam
548 1049 649 1092 omnam
667 1034 794 1096 pecuum

119 1095 262 1144 maximam:
281 1106 357 1157 teneo,
369 1098 474 1162 inquam,
486 1098 527 1156 itas
542 1107 569 1148 ut
579 1112 663 1160 negare
677 1112 725 1146 non
738 1114 794 1161 pos·

69 1167 74 1174 ·
119 1159 156 1206 sit.
174 1160 238 1208 Nam
257 1161 314 1225 quid
330 1163 369 1210 hic
387 1163 466 1210 dicet?
490 1163 587 1226 Sponsic
604 1161 666 1210 iacta
684 1171 720 1210 est
736 1178 794 1211 cum

118 1224 235 1286 cognitore
251 1235 292 1273 tuo
310 1227 416 1290 Apronio
428 1226 457 1274 de
471 1225 570 1274 fortunis
579 1225 626 1274 tuiis
635 1227 753 1285 omnihus,
766 1228 794 1274 ni

119 1288 207 1336 socium
217 1298 240 1337 te
250 1291 294 1338 sibi
304 1291 329 1338 in
337 1290 438 1340 decumis
448 1305 496 1338 esse
506 1290 625 1338 dictitaret
647 1290 794 1354 Exspectant

118 1363 206 1411 ornnes,
217 1364 311 1417 quanta
322 1355 363 1403 tihi
376 1371 402 1402 ea
412 1369 448 1403 res
456 1371 517 1403 ouras
529 1355 573 1411 sita
590 1354 792 1419 quemadmodum

119 1413 241 1464 hominum
256 1419 418 1467 existimationi
428 1429 451 1467 te
465 1429 535 1484 uulua
551 1418 707 1466 innocentiam
724 1427 793 1468 tuam

119 1481 210 1538 probari
226 1482 289 1528 velis
308 1483 358 1532 llic
373 1493 398 1530 tu
415 1483 540 1544 medicum,
556 1491 580 1531 et
597 1483 751 1546 haruspicem,
769 1491 795 1532 et

119 1539 247 1602 preconem
262 1554 339 1603 tuum,
351 1556 518 1610 recuperatores
534 1547 607 1606 dahh,
619 1555 661 1594 aut
677 1547 748 1594 etiam
759 1547 791 1594 il·

118 1603 168 1650 lum
178 1605 264 1666 ipsum,
276 1623 346 1670 quem
355 1617 380 1657 tu
387 1609 412 1656 iu
423 1610 514 1658 cohorte
524 1612 565 1658 tul
577 1610 714 1658 Cassianum
725 1611 791 1672 judi.

118 1681 168 1714 cem
175 1669 283 1729 habebas,
295 1672 368 1736 siqua
379 1689 414 1720 res
425 1675 499 1734 major
509 1684 573 1734 esset,
585 1675 707 1738 Papirium
719 1675 791 1722 Pota·

117 1745 219 1792 monem,
231 1733 347 1784 hominem
362 1753 475 1797 severum,
492 1753 522 1787 ex
539 1747 614 1786 vetere
628 1738 671 1790 illa
688 1739 790 1803 equestri
895 1761 896 1794 t

117 1795 255 1860 disciplinis?
272 1799 400 1850 Scandilius
410 1801 560 1864 posmlareda
570 1811 683 1850 moseum
694 1818 791 1866 recepe

117 1869 209 1910 ratores.
226 1863 291 1910 Tum
301 1865 344 1914 iste
354 1875 423 1928 negat
433 1881 457 1913 se
468 1866 497 1914 de
508 1866 675 1914 existimatione
685 1867 729 1914 sui
738 1868 790 1916 cui-

116 1941 197 1988 quam,
209 1927 253 1976 nisi
263 1928 318 1988 suis,
330 1930 512 1978 commissurum
533 1930 692 1993 Negotiatores
702 1940 789 1994 putant

117 2003 165 2063 esse
175 1999 250 2056 turpe,
262 1991 287 2038 id
293 1992 369 2040 forum
380 1995 423 2042 sibi
435 1994 543 2058 iniquum
554 1996 650 2055 eiurare,
661 1994 705 2042 ubi
715 2011 789 2058 nego-

118 2061 213 2128 tientur.
247 2059 334 2104 Praetm
357 2057 498 2123 provintiam
513 2073 580 2106 mam
594 2065 667 2106 totam
685 2058 731 2106 sibi
751 2059 789 2108 in-

116 2131 197 2180 aquam
209 2122 289 2181 ejurat.

149 2182 173 2230 0
185 2183 352 2247 impudentiam
362 2184 517 2250 singulareml
535 2181 584 2234 Hie
593 2185 694 2250 postulat
704 2185 789 2234 seRo-

115 2259 162 2292 mae
172 2248 267 2309 absolvi,
279 2250 320 2312 qui
331 2249 355 2297 in
366 2251 407 2298 suh
417 2248 533 2314 provincii
538 2250 657 2312 judicavit,
674 2267 698 2299 se
708 2252 788 2298 absol·

115 2309 139 2354 vi
156 2311 221 2358 nullo
238 2313 307 2360 modo
323 2317 407 2376 possa?
426 2313 467 2377 qni
477 2315 530 2378 plus
540 2314 655 2362 cautium
665 2315 729 2378 apud
739 2316 788 2363 lec·

115 2371 213 2420 tissimos
223 2385 335 2424 senatores
345 2379 475 2440 patrumm,
486 2391 558 2442 quam
569 2379 632 2442 apud
643 2386 688 2426 tres
695 2379 787 2442 negoti-
816 2385 821 2390 “

113 2441 187 2480 atores
205 2445 303 2496 metum,
326 2442 407 2489 valere.
434 2441 563 2490 Scandilius
579 2458 633 2490 vero
647 2452 717 2506 negat
736 2458 786 2491 sese

112 2496 177 2556 apud
192 2497 368 2550 Artenridorum
378 2513 558 2568 recuperatorem
569 2507 666 2554 verbum
677 2522 725 2554 esse
735 2507 787 2554 fac·

112 2563 205 2630 tenum
223 2567 249 2632 et
256 2569 333 2611 tamen
341 2582 371 2613 au
388 2577 411 2614 et
421 2576 492 2631 atquc
500 2579 579 2617 onerat
589 2578 612 2616 te
621 2567 688 2618 bonis
703 2570 786 2618 condi-

112 2621 359 2680 tionibuuutuutiv
381 2629 387 2640 '
406 2647 414 2680 a
431 2631 783 2696 uexpmcndtsidlietou,
