1824 2968
243 144 313 196 PRO
324 143 353 193 1².
364 141 526 206 QUIN'rro.
542 142 607 192 Cur.
621 141 660 192 ld.
757 145 787 196 19

5 298 9 302 ·
112 277 137 318 et
146 268 247 333 pretium
256 273 362 331 conficits
377 273 432 322 huie
442 272 614 322 acerbissimum
623 271 677 320 vivo
686 271 789 322 videnti·

112 349 160 397 que
173 334 244 386 funus
258 337 365 393 duricors
382 338 402 384 si
415 337 486 385 firnus
501 337 526 384 id
539 335 672 384 habendum
688 337 724 394 sit,
752 353 784 386 uo

112 412 161 446 nou
177 401 246 450 antici
263 402 401 449 conveniunt
418 402 448 449 ad
465 401 582 464 exsequias
597 353 787 458 cononestmdm

113 462 154 510 red
164 465 279 512 bonorum
289 474 395 524 emtores,
406 474 434 512 ut
444 464 567 524 carnifices,
576 463 606 511 ad
614 463 721 526 reliquias
731 463 785 512 vita

113 527 452 577 lscersndusetdistrahndss.
788 527 791 536 ⁴

147 592 219 640 XVI.
238 593 320 656 Imque
334 595 432 654 maj0res
446 592 518 642 nostri
530 607 582 640 raro
596 591 621 638 id
635 591 734 640 recidere
744 607 784 640 vo·

114 655 225 712 luarunts
242 667 357 719 pretores,
369 665 396 704 ut
407 657 545 704 considerate
556 656 627 714 fieret,
639 671 784 720 comparare·

116 729 179 768 runt.
203 721 257 769 Viri
270 721 333 780 boni,
344 735 397 768 eum
408 722 486 784 palam
496 719 640 778 fraudantur,
652 736 785 784 cumexpe-

115 783 192 832 riendi
205 793 305 847 potestas
319 799 365 832 non
376 793 417 842 est,
429 785 508 832 timide
523 794 600 832 tmen
611 793 634 831 et
642 785 790 859 pedetentim·

116 847 178 895 istuc
189 848 337 906 descendunt,
349 849 372 896 vi
382 864 408 896 sc
415 849 546 897 necessitate
553 849 632 908 coacti,
641 848 715 908 mriti,
723 851 786 896 mul-

66 907 68 912 '
120 911 151 958 tis
161 911 297 960 vadimoniis
308 905 406 972 deser'tis,
419 929 478 980 saepe
488 913 551 960 illusi
561 929 587 960 ac
595 913 703 960 destituti.
724 913 785 961 Cou-

121 974 223 1022 siderant
239 975 308 1034 enim,
324 977 380 1040 quid
398 986 421 1024 et
436 986 550 1040 quantum
567 978 605 1036 rit,
620 977 712 1024 ulterius
726 979 790 1026 bona*

121 1039 265 1100 proscribere
288 1041 403 1104 Jugulare
417 1042 498 1100 civem,
513 1057 543 1088 ne
555 1043 607 1102 jure
619 1040 713 1104 quidem
723 1042 787 1104 quis·

122 1118 193 1165 quam
207 1106 280 1152 bonus
290 1107 354 1154 vult:
372 1106 463 1154 mavult
475 1106 537 1153 enim
552 1119 736 1164 commemorare,
752 1121 784 1165 se,

121 1182 175 1214 oum
185 1178 261 1231 posset
270 1170 373 1233 perdere,
388 1170 521 1233 pepercisse,
533 1185 613 1233 quam,
628 1185 683 1216 curn
696 1185 788 1231 parcere

119 1233 228 1296 potuerit,
243 1234 374 1297 perdidisse.
399 1234 457 1282 Haec
470 1235 495 1281 in
511 1234 615 1281 homines
631 1232 786 1291 alienissimos,

120 1296 219 1360 denique
230 1297 406 1356 inimicissimos,
417 1298 460 1346 viri
467 1299 522 1347 boni
532 1297 628 1354 faciunt,
638 1303 660 1343 et
667 1296 787 1344 hominum

118 1361 293 1410 existimationis
308 1371 330 1410 et
344 1364 473 1411 communis
487 1361 637 1410 humanitatis
652 1361 734 1416 causd3
751 1369 786 1417 ut,

119 1441 175 1474 cum
190 1426 236 1489 ipsi
252 1427 310 1474 nihil
327 1427 392 1476 alteri
407 1428 500 1475 scientes
514 1424 713 1486 incommodirint,
728 1425 787 1472 nihil

118 1490 174 1554 ipsis
183 1493 236 1552 jure
245 1491 385 1540 incommodi
396 1492 475 1541 cadere
485 1492 562 1554 possit.

151 1555 194 1602 Ad
208 1555 365 1604 vadimonium
380 1570 427 1604 non
441 1555 518 1602 venite
536 1555 608 1618 quis?
631 1555 786 1618 Propinquus.

120 1619 146 1667 Si
162 1635 198 1666 res
214 1619 258 1668 ista
272 1621 406 1682 gravissima
421 1620 463 1667 suis
479 1629 558 1683 sponte
572 1619 694 1678 videretur,
709 1628 792 1676 tumen¹

90 1705 94 1716 .
120 1685 170 1744 ejus
186 1684 291 1732 atrocitas
307 1684 478 1732 necessitudinis
492 1685 585 1732 nomine
599 1684 718 1731 levaretur.
745 1681 792 1730 Ad·

120 1748 279 1796 vadimonium
289 1749 423 1796 sonuerit:
442 1749 513 1811 quis?
536 1749 621 1797 Sosius
645 1747 725 1794 Etiam
735 1761 787 1810 gra·

119 1811 171 1860 vius
181 1811 270 1874 aliquid
281 1813 302 1858 ei
311 1812 546 1871 deberescoucedere,
558 1813 654 1875 quicum
665 1820 688 1858 te
698 1819 738 1858 aut
748 1825 788 1858 ro·

119 1875 196 1924 hintes
214 1876 381 1939 congregasset,
396 1885 436 1923 aut
452 1877 546 1924 fortuna
563 1876 723 1936 conjunxisset.
745 1875 787 1922 Ad

15 1945 18 1950 '
119 1939 279 1988 vadimonium
292 1941 430 1988 usuvenit:
451 1941 522 2004 quisi
546 1941 580 1999 Is,
596 1940 637 2003 qui
652 1940 788 2002 tibipraesto

122 2019 213 2068 semper
222 2004 274 2052 fuit
297 2004 360 2067 Ergo
370 2005 395 2051 in
406 2021 469 2066 eum,
481 2005 521 2068 qui
532 2005 602 2052 semel
611 2005 655 2051 hoc
665 2003 787 2061 commisit,

123 2078 151 2116 ut
161 2069 204 2116 tibi
213 2078 295 2131 presto
309 2083 355 2116 nou
370 2078 436 2128 esset,
451 2070 529 2117 omnia
542 2069 589 2116 tela
602 2067 724 2128 conjecisti,
736 2081 788 2128 ques

121 2141 267 2247 Etodtppunt
275 2133 299 2180 in
308 2147 348 2244 pos
357 2133 535 2245 quitpermrdts
550 2131 612 2180 male
626 2129 708 2194 agendi
720 2129 789 2177 causi

260 2213 289 2244 ue
319 2213 398 2245 cceruu

155 2215 181 2310 gi
192 2196 323 2324 duffindius
333 2270 385 2310 tuus
396 2269 508 2324 ageretur,
520 2262 574 2310 Sex.
584 2258 692 2320 Naevtsi
701 2259 726 2305 in
753 2275 789 2306 er·

122 2327 179 2376 vuli
193 2341 219 2372 re
232 2325 342 2388 captionis
356 2325 443 2389 eliquid
457 2341 565 2384 vererere,
576 2340 621 2373 non
633 2324 709 2372 stetim
760 2322 788 2369 G.

123 2391 268 2454 Aquinum,
279 2397 320 2436 aut
330 2389 360 2437 ad
368 2405 446 2438 eorum
460 2390 561 2452 aliquem
576 2389 616 2452 qui
631 2389 789 2444 consuluntur,

123 2455 292 2504 concurrisses?
310 2452 369 2502 Cum
378 2455 416 2514 jus
425 2454 539 2512 amicitie,
548 2453 666 2509 societatis,
675 2449 790 2498 uffmitatis

125 2527 246 2582 agereturt
262 2533 317 2572 ,cum
329 2518 395 2568 officii
409 2518 521 2566 rationem
535 2526 604 2580 utque
618 2512 791 2563 existimationis
837 2561 840 2566 ,

56 2602 65 2613 ·
124 2583 178 2631 duci
192 2582 340 2636 couvmiretr
362 2597 386 2630 eo
402 2591 505 2644 tempore
522 2589 548 2628 tu
567 2595 612 2627 non
630 2579 700 2625 modo
716 2576 745 2623 ad
761 2575 789 2620 C.

125 2647 260 2711 Aquillium
271 2654 312 2695 aut
323 2645 352 2694 la.
364 2645 497 2706 lucullum,
513 2645 553 2693 sod
567 2659 597 2692 ue
609 2644 686 2706 ipsum
697 2637 791 2702 quidem
