1820 2954
174 165 191 190 s
250 139 635 192 monasticorum
725 145 775 194 438

110 267 661 334 sugeteuoumtstosicspettstumese,
676 271 776 321 utnihit

109 333 204 382 omnino
213 333 243 383 sit
252 334 365 383 relictum.
383 335 432 384 Hie
442 350 504 383 nunc
514 343 555 382 eut
564 335 606 382 iste
614 350 673 394 reus,
682 345 723 383 sut
733 351 776 399 ego

109 407 234 459 sconsum,
245 399 340 448 suthon
353 399 466 462 judicium
478 399 648 464 appellabitur?
666 399 777 448 Crimini-

109 461 153 510 bus
163 463 225 511 enim
236 464 383 526 coarguitur3
401 462 488 528 [haud]
504 463 669 527 suspicionibus
679 463 705 510 in
713 464 777 525 judi·
881 507 883 511 ,

26 527 28 530 ’
109 527 171 574 cium
187 536 287 576 vocetur.
313 527 355 574 Dii
370 528 449 589 sulen,
465 529 520 576 fens
531 536 620 587 versu,
634 527 727 576 nudstae
737 545 777 576 ur.

108 590 158 650 bes,
174 591 325 654 reperiuntur.
347 592 435 639 Earum
450 601 527 640 eutem
540 607 618 640 rerum
632 593 721 640 nullam
734 593 778 642 sibi

109 654 153 702 iste
162 669 238 718 neque
251 654 367 703 inficiendi
380 656 501 715 rationem,
512 671 587 720 neque
596 656 733 705 defendendi
743 657 779 706 sc·

110 719 228 778 odotem,
243 719 342 784 reliquit
360 719 478 768 Omnibus
493 721 519 767 in
534 723 602 768 rebus
617 721 748 784 coarguitur
763 737 779 771 a

110 797 158 841 me,
169 783 309 832 convmntur
319 800 335 831 s
344 785 447 842 testibus,
461 793 557 848 urgetur
568 785 706 834 misecone
717 786 777 845 suit

110 847 237 895 manifestis
246 848 271 894 in
283 848 401 897 maleficiis
416 857 523 906 tenetur3
541 857 564 896 et
573 856 651 897 menet
661 850 740 914 etism,
751 866 779 900 cc

111 911 195 960 tacitus
205 912 266 960 foeta
275 928 367 960 mesum
377 929 419 961 sue
429 913 574 976 recognoscit.

144 974 254 1024 Nimium
272 977 331 1024 mibi
348 977 389 1025 diu
407 977 485 1026 videor
497 977 522 1025 in
538 993 586 1026 uno
602 993 684 1042 genere
694 979 780 1030 umeri

111 1039 243 1090 criminum.
260 1041 346 1102 Sentio,
361 1041 458 1102 judices,
471 1043 636 1090 oecumenium
651 1059 699 1092 esse
713 1044 780 1092 satie·

110 1105 155 1153 teti
164 1105 256 1152 surium
267 1106 444 1170 animorumque
450 1115 584 1155 vestrorum.
596 1107 780 1168 Quamobrem,

113 1169 190 1217 mults
203 1169 384 1232 pretermittam·
406 1169 488 1218 Ades
506 1178 593 1230 eutem,
609 1186 662 1234 quse
678 1172 781 1220 dicturus

37 1263 42 1270 -
112 1247 175 1293 sum,
187 1233 271 1282 reficite
281 1248 331 1291 vos,
342 1249 428 1298 queso,
437 1235 535 1295 iudices,
543 1251 584 1298 per
591 1235 653 1283 Deos
663 1235 783 1283 immorta-

112 1297 162 1346 les!
180 1300 231 1361 (per
241 1312 280 1346 eos
290 1297 299 1344 i
315 1313 359 1356 sos,
374 1298 404 1346 de
414 1309 514 1362 quorum
524 1299 632 1362 reiigione
645 1299 736 1360 jamdiu
747 1299 784 1347 di·

114 1361 199 1421 cimus)
214 1361 274 1410 dum
288 1313 314 1410 ii
327 1365 377 1425 ejus
386 1363 476 1411 facinus
487 1378 640 1411 commemoro
650 1372 673 1412 et
683 1364 782 1428 profero,

113 1441 162 1490 quo
179 1427 297 1490 provincia
314 1435 363 1476 tots
381 1435 496 1476 commota
509 1436 557 1475 estr
577 1426 607 1476 (ie
619 1443 666 1503 quo
680 1428 700 1476 si
713 1429 784 1492 paulo

113 1491 184 1538 eitius
193 1491 271 1552 ordiri,
285 1507 312 1540 uc
327 1499 428 1556 repetere
441 1492 579 1540 memorium
591 1493 707 1556 religionis
720 1493 783 1541 vide·

113 1553 165 1615 bor,
176 1555 292 1619 ignoscite
309 1556 355 1605 Rei
369 1556 506 1620 magnitudo
518 1571 557 1604 me
566 1557 665 1606 breviter
674 1556 784 1621 perstrin
855 1571 856 1574 ¹

117 1633 172 1682 gere
182 1621 323 1669 atrocitatem
333 1620 435 1668 criminis
445 1635 492 1669 non
502 1620 564 1669 sinit.

148 1681 274 1732 XLVIII.
289 1685 364 1732 Vetus
375 1685 464 1733 esthaec
471 1685 557 1748 opinio,
565 1684 663 1746 jndices,
670 1699 785 1749 quecun.

116 1751 163 1796 stet
172 1761 202 1793 ex
217 1746 381 1810 antiquissimis
392 1747 525 1795 (iraeoorum
541 1749 613 1797 literis
628 1757 698 1812 etque
710 1749 786 1797 moni·

116 1810 210 1869 mentis,
218 1810 318 1858 insulam
330 1810 432 1858 Siciliam
439 1819 513 1859 totcrn
523 1826 570 1860 esse
578 1811 685 1861 Cererict
695 1811 786 1860 libere

116 1882 279 1924 oomscrstem.
301 1873 355 1922 Hoc
369 1889 423 1922 cum
436 1883 522 1923 caeoerae
533 1884 612 1938 gentes
628 1875 660 1923 sic
672 1875 786 1923 arbitran-

117 1947 164 1999 tur,
176 1946 228 1986 tum
238 1939 294 2016 ipsis
304 1937 388 1988 Siculis
398 1946 447 1987 tem
457 1953 592 2002 persuasum
606 1948 648 1999 est,
659 1947 687 1986 ut
703 1939 786 1988 seinis

117 2017 199 2052 eomnr
208 2003 305 2051 insitum
315 2019 330 2051 a
355 2019 385 2050 ue
395 2003 501 2050 innatum
507 2017 556 2050 esse
563 2003 674 2052 videauu.
690 2003 755 2052 Nem
763 2012 787 2052 et
812 2009 819 2024 ⁸

118 2067 331 2116 nntcsessehusin
360 2066 788 2131 ‘locisDeeserfmgesineaterre

119 2132 223 2196 primum
233 2141 342 2196 repertas,
353 2132 506 2179 obtuentur
523 2139 547 2178 st
556 2141 646 2196 raptam
661 2147 708 2182 esse
716 2131 787 2180 lnbe-

119 2211 179 2254 mm,
190 2211 262 2260 qusm
274 2196 380 2244 eumdem
391 2195 551 2259 Proserpinam
559 2205 649 2254 vocant,
656 2195 787 2244 exEnnen-

120 2261 183 2308 sium
197 2275 298 2320 nemore,
312 2261 364 2325 (qui
374 2257 446 2320 iocus,
463 2259 526 2323 quod
540 2259 565 2306 in
577 2259 654 2308 medin
668 2267 702 2308 est
711 2259 788 2308 insule

119 2324 187 2382 situs,
198 2325 322 2373 umbilicus
332 2323 416 2374 Sicilie
430 2322 590 2386 nominetur);
606 2339 677 2388 quam
688 2339 741 2372 cum
751 2323 788 2372 in·

120 2386 232 2451 vestigare
246 2396 269 2436 et
284 2388 417 2452 conquirere
430 2387 497 2436 Ceres
507 2389 584 2448 vellet,
601 2388 684 2436 dieitur
697 2388 789 2436 inflem-

121 2452 198 2501 mbsse
207 2451 278 2500 tedes
285 2453 314 2500 iis
328 2452 430 2516 ignibus,
439 2453 480 2516 qui
491 2467 519 2501 ex
530 2453 610 2500 AEtnoe
619 2452 701 2501 vertioe
711 2468 789 2500 erum·

120 2523 198 2583 puntr
215 2533 273 2581 ques
282 2517 326 2566 sibi
336 2532 390 2566 cum
400 2517 451 2582 ipse
461 2517 584 2582 preferret,
595 2519 674 2567 orbem
684 2517 788 2565 omnium

154 2647 227 2696 Enna
234 2654 322 2709 eutem,
333 2647 374 2696 ubi
384 2662 419 2709 es,
434 2663 487 2714 qne
498 2645 558 2709 dico,
571 2653 634 2710 gesur
644 2661 693 2696 esse
702 2659 789 2695 mno-

165 2711 246 2774 Orot.)
267 2725 331 2762 voc.
342 2725 361 2762 r.
588 2713 629 2760 21·
