1824 2968
39 239 43 250 ·
125 225 156 272 n
197 225 267 277 eno
283 211 408 277 nosmo
424 223 600 274 nnnnrno.
616 183 680 274 cn.
692 227 716 274 o.

127 360 179 402 sant
196 353 222 414 ii,
233 372 291 419 qnos
308 357 407 432 populus
424 351 511 418 poscit.
528 358 620 402 causam
637 354 692 402 dicit
707 354 735 416 is,
751 356 804 419 qui

128 433 189 478 nnus
199 421 291 468 relictus
301 437 330 468 ex
340 421 433 468 illorum
443 419 530 466 nefarii
540 418 600 466 cade
610 427 685 466 restet

160 482 250 546 Atque,
261 493 288 532 ut
297 485 385 531 facilius
395 483 521 546 intelligere
531 482 628 544 possitis,
641 482 738 542 judices,
756 491 795 542 αι’,

129 563 182 610 quae
202 547 262 595 facta
280 556 341 606 sunt,
360 547 489 609 indigniora
507 561 562 605 esse,
579 561 649 609 quam
665 546 714 594 hac
730 555 796 610 sunt,

129 627 182 674 quae
197 610 311 668 ticinum
328 615 358 658 ab
376 612 449 668 initio,
465 626 500 658 res
518 609 714 673 quemadmodum
730 619 795 672 gesna

128 675 166 733 sit,
178 675 241 722 vobis
254 691 409 738 eaponemust
427 690 473 738 quo
488 674 578 722 sanlius
594 682 617 720 et
632 674 702 734 hujus
717 675 796 722 bomi-

129 738 165 786 nis
187 737 366 797 innocentissimi
381 739 491 796 miseriae,
511 747 534 786 et
554 738 647 784 illorum
665 738 796 799 audaciam,

128 815 261 862 cognoscere
270 804 367 866 possitis,
380 812 402 851 et
412 802 542 864 reipublioae
552 801 712 848 calamitatem.

160 865 206 912 VI.
223 867 276 914 Sex.
284 869 389 926 Roscius,
400 875 464 929 pater
474 865 578 925 hujusce,
589 866 708 928 municeps
717 866 796 914 Ame-

128 927 193 976 rinus
203 929 256 989 fuit,
268 946 321 978 curn
332 945 413 992 genere
425 938 449 977 et
463 929 581 976 nobilitate
594 938 617 976 et
627 929 732 991 perunit,
745 945 794 977 non

129 992 199 1039 modo
207 994 242 1040 sui
249 994 377 1056 municipii,
388 1008 468 1040 verum
479 992 548 1039 enam
559 993 608 1052 ejus
618 993 747 1052 vicinitatis,
758 994 795 1042 fa-

129 1055 172 1102 cile
182 1057 279 1118 primns,
290 1067 342 1104 tum
349 1057 426 1120 ,grntib
436 1065 505 1119 atque
515 1055 618 1118 hospitiis
629 1057 710 1106 florens
718 1058 795 1106 nomn

130 1134 187 1166 num
198 1121 398 1170 nobilissimorum.
423 1121 487 1168 Nam
496 1135 550 1167 cum
561 1119 671 1180 Metellis,
683 1121 793 1178 Serviliis,

129 1183 290 1247 Scipionibus„
304 1195 352 1234 erat
369 1186 390 1233 ei
408 1200 455 1233 non
471 1184 540 1232 modo
558 1184 691 1247 hospitium,
712 1201 794 1234 vemm

129 1247 198 1296 etiam
212 1250 349 1299 domesticus
364 1265 420 1298 usus
435 1259 458 1297 et
472 1248 626 1297 consuetudo:
644 1265 701 1310 quas
716 1253 753 1302 (ut
763 1267 794 1298 a·

129 1329 203 1376 quum
214 1323 257 1373 est)
267 1315 374 1374 familias,
386 1313 510 1362 honestatis
524 1313 726 1376 amplitudinisme
741 1330 795 1376 gra·

128 1379 162 1426 tit
169 1379 270 1425 nonnno.
287 1381 378 1440 Itaque,
391 1394 420 1426 ex
430 1378 476 1424 suis
487 1377 594 1424 omnibus
604 1377 738 1436 commodis,
749 1379 795 1427 hoc

128 1443 205 1490 solum
221 1441 269 1488 filio
287 1441 395 1504 reliquitt
419 1455 474 1488 nam
491 1441 655 1504 patrimonium
676 1441 795 1490 domestici

127 1505 245 1570 predones
263 1505 287 1552 vi
304 1513 406 1567 ereptum
417 1504 546 1568 possident:
564 1505 626 1553 fama
637 1513 659 1552 et
669 1505 717 1552 vita
726 1505 795 1555 inno«

128 1569 199 1619 centis
209 1571 238 1616 ab
248 1568 375 1631 hospitibus
386 1569 509 1632 amicisque
519 1568 619 1630 patentis
628 1567 765 1618 defenditur.

161 1633 210 1682 Hic
224 1633 352 1681 cumomni
364 1641 465 1696 ternpore
478 1632 603 1681 nobilitatis
614 1632 690 1682 fautor
704 1632 794 1696 fuisset,

38 1707 39 1710 ’
128 1707 181 1747 tum
190 1698 234 1745 hoc
246 1697 349 1744 tumultu
364 1697 479 1759 proximo,
490 1711 544 1744 cum
560 1696 664 1743 omnium
678 1697 794 1748 nobilium

128 1763 227 1826 dignitas
238 1769 261 1808 et
271 1761 331 1808 salus
344 1761 369 1808 in
379 1760 499 1808 discrimtn
510 1761 605 1820 veniret,
613 1769 695 1823 prater
702 1770 794 1814 ceteros

126 1828 153 1874 in
163 1827 191 1874 eit
200 1825 323 1884 vicinitate,
334 1839 384 1872 eam
396 1833 484 1887 partem
498 1838 636 1886 causamque
650 1825 728 1888 operi,
745 1835 794 1877 stu-

127 1890 331 1952 dio,auctoritate,
346 1887 453 1936 defendit.
478 1888 573 1935 Etenim
585 1896 674 1936 rectum
688 1891 793 1952 putabat,

128 1975 169 2023 pro
180 1969 259 2004 sorum
270 1953 386 2000 honestate
397 1967 420 1999 se
433 1967 545 2014 pugnare,
560 1959 652 2016 propter
670 1969 728 2016 quos
744 1955 794 2018 ipse

126 2019 298 2072 honestissimus
307 2016 367 2064 inter
381 2031 433 2064 suos
442 2019 612 2066 numerabatur.
638 2017 794 2082 Posteaquam

126 2087 220 2138 victoria
230 2082 352 2131 constituta
362 2089 404 2138 est,
413 2082 442 2129 ab
453 2080 567 2143 minisque
575 2081 722 2138 rmessimus3
740 2099 794 2132 cum

126 2150 318 2215 proscriberentur
331 2143 443 2201 honines,
455 2152 524 2206 atque
533 2159 567 2192 ,ex
579 2145 644 2194 omni
653 2146 746 2208 regione
756 2162 794 2200 ca-

128 2222 235 2278 perentur
251 2211 268 2257 ii
285 2209 326 2273 qui
344 2207 466 2256 adversarii
483 2207 553 2256 titisse
570 2211 726 2270 putabantur3
743 2219 793 2260 erat

127 2280 168 2327 ille
179 2278 261 2324 Roma
271 2274 392 2336 frequens;
409 2280 479 2334 atque
493 2271 518 2318 in
533 2272 590 2330 foro,
607 2280 629 2320 et
648 2273 728 2324 inore
742 2289 793 2327 om-

127 2341 203 2398 nium,
215 2337 316 2401 quotidie
325 2338 471 2391 versabaturr
487 2335 561 2398 magis
569 2344 597 2382 ut
602 2337 715 2386 exsultare
722 2339 793 2388 victo.

114 2399 117 2420 ¹
128 2407 164 2455 rib
171 2401 296 2452 nobilitatis
306 2400 428 2458 videretur,
440 2415 511 2463 quam
522 2401 610 2459 umere,
621 2401 715 2463 nequid
726 2417 754 2450 ex
765 2401 793 2452 et

126 2465 261 2519 calamitatis
271 2463 315 2512 sibi
324 2463 440 2513 tonderet

160 2531 234 2578 Erant
248 2529 269 2575 ei
282 2535 367 2575 veteres
383 2526 508 2574 inimicitia
525 2543 579 2576 cum
596 2527 686 2575 (luobus
702 2528 792 2580 Rosciis

126 2592 253 2652 Amerinis,
268 2606 367 2654 quorum
384 2591 481 2638 alterum
495 2591 576 2640 sedere
592 2591 617 2636 in
636 2601 792 2647 accusatorum

127 2656 238 2709 subselliis
248 2655 322 2715 video,
333 2655 431 2704 alterum
442 2655 485 2704 tria
495 2654 591 2716 hujusce
600 2655 792 2718 praedisposside·
