1820 2958
242 153 282 202 IN
300 151 450 202 VERREM
468 150 504 202 11.
516 151 580 202 (lar.
592 155 632 202 53.
723 157 785 206 Βθὸ·

1 287 3 292 ·
101 279 332 344 dignampraemram
348 282 430 330 tuam!
456 282 491 330 Ut
508 281 601 330 mittam
618 290 707 343 murs,
723 299 772 346 quo

101 344 197 394 tandem
212 345 299 408 pudore
318 347 374 394 tales
392 346 461 405 virm,
478 362 525 410 quo
544 346 630 406 dolore,
648 349 773 396 meretricis

102 409 200 457 domum
218 410 305 458 venisse
323 411 486 458 arbitramini?
503 411 544 474 qui
561 411 627 458 nulli
645 411 773 460 conditione

100 473 171 548 istam
182 473 349 536 turpitudinem
360 476 482 533 subissent,
494 475 538 522 uisi
548 474 616 522 officii
626 475 773 524 necessitudi-

101 538 772 666 msftenzumtuttiu

101 679 163 713 nova
171 666 259 727 judicia
266 669 410 729 petebantur.
439 669 457 694 “
468 667 532 714 Mihi
542 667 582 714 det
644 669 770 716 essionems

102 729 168 777 Mihi
176 745 205 777 ne
213 730 314 778 adimat:
333 731 364 778 In
374 730 533 791 mejudicium
544 746 573 778 ne
626 750 633 779 ε
652 732 716 780 Mihi
731 735 773 780 ho·

100 808 132 841 na
144 794 259 842 addieat”
274 795 615 844 Aliinummosnumerabsnt:
633 797 772 845 aliitabules

100 858 771 987 bilibittbtbithmtissidtth

102 986 158 1034 data
168 999 210 1045 est,
221 957 351 1045 adeuuthl,
368 1003 425 1050 quos
436 987 492 1034 dixi.
521 988 636 1051 Loquitur
680 991 770 1038 ustiust

101 1066 153 1098 rem
171 1050 325 1100 demonstret:
342 1053 400 1114 petit
417 1052 549 1099 auxiliumt
566 1053 687 1114 pecuniam
703 1055 773 1118 polii.

101 1123 173 1164 cetur.
192 1116 332 1178 'Respondit
339 1115 380 1162 illa
396 1119 433 1168 (ut
443 1115 562 1176 meretrix)
573 1131 619 1164 nou
630 1117 769 1182 inhumane:

101 1178 208 1237 libenter,
220 1181 260 1239 sit,
272 1196 296 1228 se
306 1196 353 1228 esse
363 1179 485 1238 facturam,
494 1189 547 1227 etse
557 1195 611 1226 oum
622 1180 665 1227 isto
676 1181 773 1243 diligen·

102 1251 139 1292 ter
149 1245 366 1292 sennoeinaturams
384 1244 466 1292 reverti
479 1245 551 1304 jubet.
569 1243 634 1290 Tum
645 1243 771 1293 discedunt.

102 1307 218 1356 Postridie
228 1317 378 1356 revertuntur.
396 1309 474 1369 Negat
484 1308 525 1354 illa
535 1322 600 1370 posse
607 1308 725 1354 hominem
732 1324 779 1356 exe
801 1339 804 1344 -

101 1372 178 1421 oraria
203 1387 353 1436 permagnam
370 1387 424 1420 eum
437 1371 510 1420 dioere
525 1371 778 1436 exillirepecuniam·

100 1436 183 1486 ooniiei
191 1452 264 1501 posse
832 1477 834 1485 ,

134 1501 210 1550 12111.
227 1502 322 1562 Vereor,
333 1518 362 1552 ne
373 1502 425 1566 quis
435 1501 494 1550 forte
503 1502 532 1550 de
542 1503 637 1566 populo,
649 1503 690 1567 qui
695 1504 771 1569 ¹priori
843 1545 854 1568 ,1

102 1566 192 1614 actione
203 1581 249 1614 uon
260 1567 335 1627 affirit,
343 1568 401 1624 hec,
412 1567 567 1631 quiapropter
574 1567 687 1630 insign·
699 1570 773 1632 turpi·

102 1630 208 1680 tudinem
220 1640 274 1678 sunt
283 1631 433 1691 incredibilis,
448 1631 505 1695 fingi
516 1647 530 1679 a
541 1648 579 1680 me
589 1632 717 1688 arbitretur.
734 1633 773 1681 Ea

103 1710 144 1744 voa
154 1704 231 1754 antea,
240 1695 336 1757 judiees,
348 1695 491 1759 eognovistis.
508 1691 577 1744 Dixit
585 1698 674 1757 juretus
686 1697 714 1744 P.
726 1698 773 1745 Po·

101 1759 175 1818 titius,
187 1768 249 1807 tutor
258 1759 342 1823 pupilli
352 1760 436 1808 Juniis
453 1760 513 1807 dixit
522 1759 560 1807 M.
571 1760 667 1820 Junius,
679 1769 773 1810 trituret

102 1832 216 1935 ἵππιοι
245 1824 349 1872 Mustius
369 1825 470 1882 dixisset,
493 1824 512 1872 si
530 1825 628 1872 viverem
657 1825 705 1884 sed,
729 1841 772 1888 pro

133 1888 203 1947 ustio,
214 1888 299 1936 recenti
313 1905 337 1937 re
347 1889 376 1936 de
386 1888 476 1936 Mustio
488 1888 592 1936 auditum
610 1889 669 1936 dixit
680 1889 709 1935 Is.
721 1889 773 1936 Do-

100 1951 196 2009 mitius3
214 1953 255 2016 qui
266 1967 319 2001 oum
331 1953 404 2012 soiret,
415 1968 454 2000 me
468 1967 497 2000 ex
509 1952 600 2000 Mustio
609 1953 662 2002 vivo
671 1953 771 2012 audisse,

102 2015 166 2080 quod
177 2032 204 2064 eo
215 2033 268 2064 sum
278 2033 333 2066 usus
346 2017 482 2081 plurimum,
497 2016 591 2070 (statim
607 2017 631 2064 id
646 2017 770 2077 judicium,

102 2079 166 2144 quod
177 2097 248 2144 prope
256 2081 360 2129 omnium
371 2081 516 2128 fortunarum
527 2095 621 2128 suarum
632 2081 659 2128 G.
669 2080 773 2128 Mustius

101 2143 193 2204 habuit,
204 2161 243 2192 me
253 2161 301 2192 uno
310 2145 453 2204 defendente,
465 2145 527 2202 vicit)
538 2145 654 2201 cumbet,
672 2154 699 2192 ut
711 2145 772 2204 dieo,

101 2209 169 2257 sciret
177 2209 207 2256 la.
215 2209 332 2258 Domitius
343 2225 381 2258 me
391 2210 447 2258 scire
457 2209 487 2256 sd
498 2224 551 2256 eum
562 2224 598 2256 res
608 2223 687 2256 omnes
702 2209 771 2257 Mus-

101 2273 161 2320 tium
173 2273 266 2321 solitum
278 2290 325 2323 esse
340 2275 441 2330 deferre3
459 2282 536 2321 tamen
552 2272 581 2320 de
596 2272 722 2321 Chelidone
735 2289 772 2321 re-

100 2337 177 2398 ticuit,
189 2338 266 2402 quoad
276 2339 366 2402 potuit:
384 2339 429 2386 alio
445 2337 612 2402 responsionem
630 2353 696 2386 suam
712 2338 772 2386 deri-

101 2402 171 2449 vavit.
189 2402 281 2450 Tantus
297 2403 321 2450 in
336 2404 476 2451 adolescente
492 2402 615 2450 clarissimo
629 2417 656 2450 ao
668 2403 772 2466 principe

98 2465 234 2527 juventutis
239 2467 314 2530 pudor
324 2467 378 2526 huit,
389 2476 416 2514 ut
426 2465 578 2530 aliquamdiu,
585 2482 638 2515 oum
649 2482 664 2513 a
673 2482 712 2515 me
719 2483 772 2542 pre·

100 2538 212 2589 meretur,
229 2531 307 2579 omnia
322 2533 398 2596 potius
413 2531 566 2594 responderet,
577 2547 648 2594 quam
663 2531 772 2580 Chelido-

100 2608 157 2654 nem
176 2594 312 2644 nominaret
340 2595 420 2645 Primo
438 2595 573 2645 necessarios
589 2595 655 2644 istius
671 2596 701 2643 sd
715 2609 771 2642 eum

101 2657 379 2722 allegatosessedioebatt
392 2658 775 2725 deiudealiquandoessetuscbe-¹

135 2723 227 2784 (Orat)
240 2734 304 2776 vor..
313 2737 333 2776 1.
561 2737 578 2772 r
