1820 2958
130 191 179 258 'rur
260 205 299 256 m
316 203 464 256 vannum
481 185 532 254 111ss
549 183 613 253 css.
630 203 669 252 rr.

130 336 209 396 minis,
216 317 320 385 Deorum
328 336 436 400 religione
442 341 605 394 consecratum,
613 333 698 382 violare
708 333 788 383 noluit
796 321 806 384 ἑ

131 405 158 449 tu
170 404 322 466 Syracusanos
332 415 407 448 unum
418 401 479 446 diem
490 400 575 446 festum
587 399 704 446 Marcellis
715 400 805 464 imper.
891 441 892 452 ,

131 467 175 514 tire
185 466 286 523 noluisti,
298 481 338 528 per
349 481 407 528 quos
417 464 452 510 illi
462 462 540 526 adepti
547 471 609 523 sunt,
621 471 648 510 ut
654 473 747 512 caeteros
755 466 805 514 dics

131 530 200 579 tostos
210 529 295 594 agitare
305 537 403 591 possent

164 595 201 643 At
218 609 271 642 vero
288 593 424 655 praclarum
443 591 505 638 diem
523 591 652 654 repomisti‚
670 591 760 640 Verrca
777 601 805 642 ut

132 667 234 722 agerent,
252 665 275 706 et
291 667 326 714 ut,
344 656 374 703 ad
385 671 440 703 eum
457 656 527 715 diem,
539 669 592 718 quae
603 655 671 702 sacris
681 658 805 721 epuliqu

132 737 191 786 opus
201 730 282 778 essent,
294 721 319 768 in
329 720 458 783 complures
469 733 540 767 annos
547 721 683 767 locarentur.
701 721 748 768 Sed
754 724 805 784 jam

132 786 158 833 in
168 787 233 834 tanti
245 785 311 846 istius
326 783 471 848 impudentiis
487 783 651 831 remittendum
669 783 761 848 aliquid
772 787 806 835 vi.

133 850 209 908 detur,
221 865 250 896 ne
261 850 340 897 omnia
350 848 523 908 contendamus,
534 863 563 896 ne
574 848 653 895 omnia
660 863 715 895 cum
726 849 806 899 dolore

133 1055 238 1106 numque
245 1043 282 1102 sit,
289 1041 357 1110 istius
365 1042 458 1089 nomine
467 993 535 1104 ap'ud1
538 1057 575 1089 eos
583 1039 645 1088 diem
653 1041 740 1088 festum
749 1059 804 1104 esse,

134 1108 176 1172 qui
187 1123 234 1155 sese
244 1107 310 1154 istius
316 1107 385 1170 operi
392 1105 497 1152 funditus
506 1106 628 1153 exstinctos
638 1121 686 1152 csse
694 1106 806 1154 arbitren.

134 1179 180 1220 tur.
198 1171 222 1220 Ο
231 1171 440 1234 Veneapraeclam,
451 1169 582 1233 [quoquam
588 1169 607 1216 si
615 1170 749 1235 accessisti]
760 1187 806 1236 quo

136 1249 182 1284 non
197 1237 300 1284 attuleris
311 1245 388 1284 tecum
403 1235 474 1282 istum
486 1233 547 1281 diem
558 1235 564 1280 l
583 1233 677 1280 Etenim
707 1251 762 1282 uam
780 1247 805 1286 tu

135 1300 242 1357 domum,
254 1315 325 1365 quam
335 1301 426 1358 urbem,
434 1297 518 1355 adiisti,
530 1297 593 1362 quod
603 1297 684 1345 fanum
714 1300 805 1364 cuique,

135 1365 200 1428 quod
210 1379 257 1412 non
268 1379 371 1412 eversum
379 1371 447 1426 atque
456 1371 571 1410 extersum
581 1361 718 1426 reliqueris?
735 1381 806 1428 quare

135 1429 280 1540 :ppellentur
297 1443 351 1475 sane
368 1427 412 1474 ista
422 1426 516 1483 Verrea‚
535 1441 588 1538 <pua
599 1441 645 1474 non
663 1441 692 1474 cx
703 1429 805 1489 nomine,

189 1505 218 1539 ex
231 1490 362 1555 [manibus]
377 1491 505 1556 naturique
516 1498 541 1537 tu
558 1524 565 1549 ‚
577 1491 701 1539 constituta
715 1507 763 1541 erse
773 1493 807 1543 ui·
892 1509 893 1534 l

136 1555 242 1604 deantur.

169 1619 256 1667 XXII.
273 1618 354 1678 Quam
372 1619 439 1667 facil'e
454 1627 529 1682 serpat
545 1619 639 1682 injuria,
658 1629 681 1670 ct
693 1621 805 1696 percandi
892 1667 893 1692 ζ

135 1684 291 1741 consuetudo;
308 1699 379 1747 quarn
388 1699 434 1732 non
444 1684 511 1731 facile
519 1683 665 1748 reprimatur,
677 1685 760 1745 ridete,
766 1689 806 1750 ju.

136 1747 204 1796 dices.
222 1748 288 1796 Bidis
298 1749 411 1812 oppidum
423 1756 464 1805 cst,
476 1757 545 1796 tenue
561 1763 624 1808 sanc,
641 1763 688 1796 non
708 1750 776 1814 longe
791 1769 805 1801 a
892 1771 893 1802 ι

136 1813 262 1877 Syracusis.
280 1813 359 1874 Hujus
367 1814 435 1875 longe
445 1813 533 1875 primus
540 1811 637 1861 civitatis
644 1822 679 1860 est
688 1813 805 1878 Epicrates
892 1829 893 1870 ἕ

136 1878 239 1942 quidam.
260 1877 324 1925 Huic
336 1877 455 1924 haereditas
464 1877 507 1924 HS
518 1878 698 1941 quingentorum
706 1880 805 1929 millium
892 1883 893 1894 ¹

84 1975 90 1988 ,
137 1952 229 1990 venerat
240 1959 254 1990 s
264 1943 360 1990 muliere
371 1941 472 2005 quidam
483 1941 622 2006 propinqui,
631 1949 701 2005 atque
713 1944 745 1991 ita
755 1961 805 2008 pro-

137 2005 806 2134 Eqssmtiillfflwtipu

137 2149 190 2184 cens
198 2138 340 2199 Syracusana
346 2134 440 2182 eratilla
450 2149 494 2192 ras,
506 2149 577 2198 quam
584 2134 804 2199 antedemonstravi,

135 2199 167 2247 dc
178 2199 285 2248 Heraclio
300 2201 450 2263 Syracusano,
466 2199 508 2262 qui
524 2201 586 2246 bona
600 2213 647 2246 non
664 2201 805 2263 perdidisset,

137 2264 182 2311 nisi
192 2265 214 2311 ei
224 2264 320 2312 venisset
334 2263 459 2310 hareditas
477 2261 541 2330 Huic
552 2277 646 2328 quoque
655 2263 759 2330 Epicrati
769 2282 805 2314 vc·

137 2335 210 2386 uerat,
222 2335 249 2374 ut
255 2327 312 2386 dixi,
321 2327 447 2374 hareditas
465 2327 571 2391 Cogitare
581 2337 698 2392 coeprrunt
709 2331 758 2390 ejus
764 2330 805 2384 ini,

137 2391 201 2448 mici,
212 2391 284 2438 nihilo
294 2391 380 2448 minus,
392 2391 471 2439 eodm
479 2401 583 2455 protom,
595 2392 657 2440 hunc
665 2392 736 2440 everti
745 2395 806 2461 bonis

137 2467 211 2515 posse,
223 2469 270 2515 quo
281 2454 402 2502 Heraclius
418 2465 476 2503 esset
486 2471 583 2504 eversus
601 2456 663 2503 Rern
675 2458 763 2505 occulte
772 2459 805 2508 in.

137 2515 250 2562 stituunt:
269 2517 299 2563 ad
314 2518 411 2566 Verrem
424 2535 465 2583 per
480 2521 529 2581 ejus
543 2520 678 2584 interpretes
696 2521 804 2580 defernnt

138 2578 176 2626 Ita
182 2594 251 2626 cause
257 2581 410 2653 componitur,
418 2591 444 2630 ut
451 2583 507 2631 item
515 2584 644 2647 palaestritae
651 2583 806 2652 Bidenscspe.

137 2650 211 2690 terent
222 2645 251 2689 ab
262 2643 370 2705 Epicrate
380 2644 545 2708 hereditatem,
560 2648 758 2711 quemadmodum
769 2668 805 2715 pc.

137 2705 236 2754 *παίω
243 2706 379 2769 Syracusani
390 2711 419 2757 ab
429 2709 662 2776 Hernuliopetlssent.
680 2713 806 2780 Nunquam
