1820 2958
86 105 134 162 198,
224 105 264 160 ΙΝ
281 101 430 158 VERREM
447 103 483 154 11,
495 102 558 152 Gur.
570 101 610 152 lo.

59 273 62 280 .
86 209 782 296 enimjammumumitemusilloedictudequounui'

87 299 145 359 dixi,
162 299 187 345 in
200 298 287 358 Sicilie,
298 299 327 346 de
337 297 497 344 haereditatum
511 295 688 358 possessionibus
698 297 766 344 dau-v

87 363 132 423 dis,
150 361 224 411 edixit
234 363 304 420 idem,
322 362 384 427 quod
394 375 473 412 omnes
484 362 575 417 Romae,
587 368 668 422 praeter
677 360 758 408 istum.

90 430 108 456 ‘⁶
119 428 159 475 Ex
167 427 239 474 edicto
247 426 425 475 Siciliensi-Si
433 425 461 472 de
468 425 600 472 haereditete
607 424 759 486 ambigitur.-”

123 491 217 540 XLVI.
228 494 273 548 At,
284 507 325 554 per
336 491 398 537 Deos
408 488 562 536 immortales!
576 489 632 551 quid
643 497 685 547 est,
696 489 762 552 quod

90 555 120 608 de
134 557 177 603 hoc
188 555 233 602 dici
243 555 331 618 possit?
349 554 438 601 Iberum
453 552 514 600 enim
523 554 573 614 jam
587 567 666 616 quaero
676 554 762 613 abste,

91 619 229 668 sicutmodo
243 619 267 666 in
278 619 318 672 illo
332 619 405 680 capite
415 618 526 665 Anniano
536 617 564 664 de
574 617 699 664 mulierum
713 617 766 664 hs.

91 683 233 741 sedialibus,
245 697 306 730 nunc
317 681 342 728 in
352 682 395 729 hoo
406 682 435 729 de
445 681 604 728 haereditatum
615 680 763 743 possessioni.

92 751 145 805 bus,
163 763 203 795 cur
218 763 244 801 ea
258 746 333 809 oopiui
347 747 371 792 in
383 746 483 794 edictum
493 745 630 809 provinciale
640 745 763 793 usnsferre

92 811 210 859 nolueris?
231 811 318 858 Utrum
332 811 446 873 digniores
463 809 567 858 homines
578 808 713 856 existimasti
724 825 771 858 eos.

92 877 134 940 qui
148 875 282 923 habitabant
299 875 324 922 in
340 875 465 938 provincii,
481 889 553 938 quam
570 888 619 932 nos,
637 873 679 936 qui
731 889 765 922 uo

92 941 144 1001 jure
153 941 288 987 uteremur?
305 955 335 986 an
346 939 410 986 aliud
418 940 501 986 Romae
509 953 603 1001 aequum
614 945 655 997 est,
664 937 712 984 eliu
737 938 764 986 iu

94 1003 191 1052 Sieilii?
208 1003 263 1050 Non
279 1003 340 1050 euim
354 1004 398 1051 hoc
412 1011 487 1065 polest
500 1003 544 1051 hoc
557 1003 608 1050 loco
622 1001 675 1060 diei,
687 1003 765 1050 multu

95 1083 142 1123 esse
152 1067 177 1126 in
186 1067 307 1130 provinciis
318 1067 383 1115 iliter
397 1067 519 1116 edicenda:
537 1080 583 1114 non
599 1066 629 1114 de
643 1065 773 1114 herediis--

95 1140 147 1180 tum
160 1131 254 1195 quidem
264 1131 449 1194 possessionibus,
461 1147 507 1179 non
518 1131 547 1178 de
556 1131 681 1178 mulierum
691 1131 765 1178 haere·

96 1196 212 1254 ditatibus.
229 1197 293 1254 Nom
300 1205 396 1260 utroque
407 1212 489 1258 genere
495 1195 560 1243 video
566 1209 613 1243 non
620 1193 765 1242 modooaete-

96 1275 142 1319 pos,
152 1261 193 1318 sed
201 1262 316 1324 teipsum,
328 1261 423 1309 totidem
430 1261 503 1308 verbis
512 1259 615 1320 edixisse,
624 1267 681 1322 quot
689 1260 765 1307 verbis

97 1325 154 1372 edici
165 1326 248 1372 Romae
258 1325 321 1376 solet⁴
338 1325 399 1384 Quae
410 1325 493 1372 Romae
500 1325 586 1385 magui
594 1338 647 1371 cum
657 1322 763 1384 infamis,

97 1389 169 1451 pretio
176 1397 275 1450 eccepto,
287 1388 396 1448 edixeras,
411 1405 438 1436 eo
448 1389 496 1436 sols
506 1397 536 1446 te,
552 1402 581 1434 ne
596 1387 666 1450 gratis
676 1387 701 1432 in
711 1403 766 1450 pro-

97 1452 173 1525 vincii
190 1451 251 1498 male
269 1451 368 1512 audues,
386 1468 415 1500 ex
431 1453 503 1501 edicto
520 1451 631 1500 Siciliensi
647 1451 767 1500 sustulisse

97 1516 170 1572 pideo.

103 1629 105 1634 ,
129 1579 171 1639 Et,
182 1595 236 1627 cum
244 1581 344 1628 edictum
352 1590 426 1634 totum
433 1597 513 1632 eorum
523 1583 642 1641 arbitratu,
651 1582 765 1646 quamdiu

96 1642 142 1698 fuit
152 1643 291 1706 designatus,
303 1657 456 1710 componeret,
467 1648 508 1712 qui
518 1650 548 1695 ab
558 1648 601 1695 isto
614 1649 653 1708 jus
671 1647 700 1694 ad
717 1647 766 1694 uti·

97 1708 186 1764 litatem
201 1723 267 1756 susm
282 1711 478 1768 nundinarentum
504 1722 555 1760 tum
570 1726 630 1769 vero,
648 1712 672 1758 iu
688 1712 764 1774 magi-

97 1781 178 1832 stratu,
190 1781 268 1830 contus
278 1774 337 1828 illud
347 1776 447 1823 edictum
458 1792 527 1824 suum
538 1776 585 1823 sine
594 1773 641 1822 ulli
654 1776 764 1838 religione

97 1836 237 1892 decernebat.
258 1839 341 1903 Itaque
356 1841 384 1887 h.
399 1841 453 1888 Piso
466 1841 551 1888 multos
562 1839 648 1888 codices
658 1839 764 1903 implevit

97 1917 176 1950 eumin
187 1918 272 1961 rerum,
281 1904 305 1950 in
317 1905 401 1968 quibus
411 1905 444 1952 ita
453 1904 585 1962 interoessit,
597 1904 659 1966 quod
668 1904 711 1952 iste
722 1905 766 1952 ull-

97 1975 140 2027 ter,
152 1975 221 2030 atque
231 1977 258 2014 ut
268 1969 378 2027 edixerat,
393 1968 532 2017 decrevisset.
548 1969 619 2027 Quod
630 1984 669 2016 vos
682 1969 766 2018 oblitos

98 2046 146 2079 esse
157 2047 204 2079 uon
211 2033 316 2091 arbitror,
324 2049 376 2096 quae
382 2033 516 2093 multitudo,
527 2032 569 2096 qui
574 2032 666 2081 ordood
674 2033 766 2081 Pisonis

98 2096 187 2154 sellam,
196 2096 240 2144 isto
252 2107 355 2160 praetore,
371 2098 451 2146 solitus
457 2098 486 2145 sit
494 2097 627 2152 oonveuire3
645 2112 716 2160 quem
722 2098 767 2146 iste

99 2160 209 2224 collegam
225 2161 269 2208 nisi
280 2162 404 2220 habuisset,
418 2162 534 2224 lapidibus
545 2170 663 2224 coopertus
674 2171 733 2210 esset
740 2162 766 2210 in

98 2223 155 2271 foro.
172 2225 217 2272 Sed
229 2241 255 2272 eo
264 2226 358 2274 leviores
372 2226 437 2274 istius
447 2227 537 2287 injurie
547 2225 691 2283 videbantur,
703 2226 767 2288 quod

98 2288 181 2335 eratin
198 2290 304 2351 aequitate
313 2291 481 2354 prodendisque
496 2291 585 2338 Pisonis
596 2289 768 2352 paratissimum

97 2351 239 2414 perfugium,
250 2369 305 2416 quo,
321 2356 369 2403 siue
384 2357 469 2412 labore,
481 2355 530 2402 sine
539 2353 651 2412 molestiis,
663 2354 711 2402 sine
721 2355 768 2402 im.

98 2414 177 2477 pensi,
186 2416 255 2462 etiam
266 2418 314 2465 sine
324 2429 428 2481 patrono,
437 2419 541 2468 homines
551 2428 675 2467 uterentur.

108 2523 112 2530 ,
131 2477 204 2533 Nam,
218 2495 303 2540 quaeso,
318 2483 388 2530 redite
401 2484 426 2532 in
442 2484 586 2542 memoriam,
599 2483 695 2543 judices,
714 2499 768 2547 quae

99 2540 172 2596 libido
189 2542 255 2590 istius
272 2545 296 2591 in
311 2546 363 2606 jure
381 2547 477 2597 dicendo
494 2546 578 2604 fuerit;
596 2562 649 2610 quae
670 2547 767 2596 varietus

98 2603 250 2678 decretomm,
269 2623 322 2670 quae
339 2611 483 2671 nundinatio,
502 2624 573 2674 quam
590 2611 669 2660 inanes
683 2611 778 2674 domus:
