1828 2966
257 187 299 238 nt
314 187 465 240 VERREM
481 191 518 241 11.
535 191 599 242 Cer.
613 193 651 242 10.
744 193 791 244 168

112 317 199 380 plis?
208 317 360 381 pronuntiari.
383 321 468 369 Utrum
482 321 553 384 igitur
566 331 635 385 putes
646 321 721 385 legem
732 323 793 374 rnol-

116 381 219 430 liorern?
236 383 336 446 Opinon,
348 385 413 432 illam
421 394 529 446 veterem,
538 387 586 449 quis
593 387 630 434 vel
638 387 683 434 cito
694 388 789 448 absolvi,

116 447 154 494 vel
169 446 234 494 tarde
249 447 402 508 eondemueri,
418 449 508 498 licebat.
531 451 596 514 Ergo
606 451 648 498 tibi
658 450 723 497 iiiam
734 452 792 500 Aci-

115 510 173 558 liam
184 511 259 574 legem
270 512 372 571 restituo,
391 511 439 576 qui*
451 515 502 578 lege
518 516 587 562 multi
602 515 671 562 semel
682 517 790 575 accusati,
841 575 844 582 .

116 576 189 622 semel
199 575 261 622 diost
268 577 344 634 causi,
357 579 428 624 semei
438 578 521 626 tuditis
529 579 633 638 testibus,
642 579 789 627 condemnati

116 648 181 698 sunt,
192 640 341 714 nequiquam
352 649 400 688 tem
411 643 537 690 manifestis
547 657 622 707 neque
633 644 701 692 tontis
712 644 790 692 crimi-

115 703 194 762 nibus,
206 712 298 767 quentrs
313 714 338 752 tu
350 705 494 754 convinceris
519 708 581 754 Puta
591 717 614 756 te
628 723 674 755 non
685 709 729 756 hec
740 717 789 756 tem

115 768 196 826 cuod,
214 768 253 815 sed
263 769 305 815 int
314 770 365 832 lege
379 770 509 830 mitissimi,
525 787 616 819 causam
632 773 711 820 dicere.
739 773 789 821 Ac·

116 833 216 879 cussbo:
235 833 387 895 respondebis.
413 834 522 883 Testibus
532 835 606 894 editis,
618 838 651 883 ite
660 837 752 884 mittem
762 837 788 885 in

115 895 247 954 missilium,
265 905 300 956 ut,
317 897 406 945 etiami
415 899 454 946 lex
467 900 593 962 ampliandi
607 901 676 948 facist
689 910 789 964 poteste-

113 967 175 1072 ἕως
190 960 316 1008 temenisti
326 970 393 1025 turpe
403 962 447 1010 sibi
458 964 596 1024 existiment,
608 979 654 1013 non
665 965 740 1029 primo
748 968 788 1028 ju-

140 1040 199 1072 me-
226 1045 230 1055 ¹
534 1055 540 1074 r

148 1089 181 1136 X.
198 1089 297 1148 Verum,
309 1090 328 1137 si
338 1105 430 1139 ceumm
441 1093 545 1155 cognosci
555 1108 613 1156 opus
619 1101 665 1152 est,
674 1109 787 1156 parumne

114 1154 208 1217 cognite
226 1155 275 1202 est?
299 1153 488 1215 Dissimulemus,
508 1157 627 1214 Hortensi,
646 1158 708 1219 quod
727 1174 787 1221 sepe

114 1218 205 1282 experti
220 1218 244 1265 in
254 1219 350 1267 dicendo
361 1235 447 1268 sumus.
473 1220 533 1279 Quis
547 1235 589 1268 nos
602 1235 741 1284 magnopere
752 1231 787 1270 st·

113 1282 189 1330 tendit
199 1297 312 1346 unquam,
322 1283 347 1330 in
356 1284 399 1332 hoc
407 1285 501 1348 quidem
512 1299 595 1347 genere
605 1299 734 1345 causemm,
745 1286 787 1333 ubi

113 1346 204 1411 aliquid
221 1355 324 1410 ereptum
343 1356 384 1395 aut
401 1350 505 1396 ablatum
522 1365 536 1396 s
553 1349 662 1412 quopiam
682 1349 785 1398 dicitur?

113 1425 191 1460 nonne
201 1419 243 1458 eut
253 1411 276 1458 in
288 1413 381 1470 tabulis,
393 1421 434 1460 aut
448 1414 472 1460 in
484 1413 586 1472 testibus,
603 1413 678 1460 omnis
693 1429 786 1478 exspes„

113 1477 170 1523 tatio
179 1475 285 1537 judicum
296 1478 348 1524 est?
371 1477 430 1524 Dixi
440 1477 517 1540 primis
527 1478 623 1537 actione,
638 1493 676 1525 me
687 1478 784 1542 plenum

112 1555 161 1588 esse
171 1540 296 1598 facturum,
308 1540 336 1589 C.
347 1541 444 1589 Verrem
456 1542 499 1590 HS
511 1541 695 1605 quadringenties
705 1553 785 1592 contre

110 1605 187 1668 legem
205 1604 331 1652 abstulisse.
348 1604 432 1665 Quid?
448 1605 492 1655 hoc
502 1607 594 1668 planius
605 1607 709 1670 egissem,
721 1609 740 1655 si
750 1609 784 1656 ite

111 1669 259 1716 nerrissem?
277 1668 324 1716 Dio
342 1668 436 1731 quidem
451 1670 497 1718 fuit
511 1669 645 1731 Halesinue,
662 1672 711 1734 qui,
728 1688 783 1736 eum

5 1779 11 1790 ,
111 1735 162 1796 ejus
172 1733 229 1790 filio,
246 1743 341 1796 praetore
356 1734 484 1792 Sacerdote,
500 1735 619 1782 hereditas
630 1736 783 1800 spmpinquo

110 1811 238 1862 permagna
247 1797 351 1857 vertisset,
367 1798 425 1844 nibil
436 1799 517 1846 habuit
527 1813 602 1862 neque
612 1800 697 1862 negotii
708 1815 783 1864 neque

112 1861 277 1910 controversie.
288 1861 380 1921 Verres,
385 1861 454 1909 simul
463 1878 489 1910 ee
496 1863 571 1926 tetigit
577 1864 727 1926 provinciam,
736 1875 783 1912 ste-

112 1926 156 1974 tim
167 1925 301 1972 Messanam
311 1925 388 1974 literss
402 1926 478 1974 dedit:
496 1927 597 1974 Dionem
612 1928 726 1974 evocavit:
744 1945 783 1976 ces

112 1990 262 2038 lumnietores
276 2005 305 2036 ex
316 1990 367 2037 sinu
382 2006 423 2037 suo
433 1991 547 2054 apposuit,
559 1992 600 2054 qui
610 1992 674 2038 illem
685 1991 782 2039 heredi-

110 2063 182 2104 utem
194 2053 280 2101 Veneri
289 2053 397 2117 Erycinoe
404 2056 549 2102 commissam
559 2071 607 2102 esse
614 2055 728 2104 dicerent:
738 2056 782 2105 hcc

109 2121 140 2168 dc
149 2135 175 2167 re
184 2117 283 2166 ostendit
293 2119 393 2182 seipsum
403 2120 556 2182 oogrritumm.

142 2183 242 2232 Possum
253 2182 358 2246 deinceps
368 2191 439 2230 totem
450 2199 499 2230 rem
510 2183 638 2246 explicare:
650 2183 740 2243 deinde,
749 2185 779 2233 od

109 2260 250 2304 extremum,
261 2247 294 2305 id,
306 2247 368 2310 quod
376 2247 465 2307 accidit,
477 2248 550 2295 dicere
558 2265 564 2294 ι
577 2247 677 2295 Dionem
686 2248 728 2296 Hs
740 2249 780 2298 de·

5 2343 7 2352 ,
108 2315 154 2364 cies
162 2311 485 2370 oenensmfflbnumertsse,
496 2321 621 2360 utcnussm
631 2313 778 2361 certissimam

106 2379 235 2429 obtineret:
253 2384 361 2438 proteres
370 2391 449 2438 greges
460 2391 571 2440 equarum
582 2377 632 2437 ejus
642 2375 712 2424 istum
727 2379 778 2426 sbi-

106 2443 197 2508 gendos
204 2439 309 2495 meister
321 2440 409 2502 urgenti
419 2441 532 2503 vesn‘sque
540 2441 647 2502 stregulae
657 2443 719 2504 quod
728 2443 779 2490 fue-

106 2509 145 2568 rit,
163 2504 253 2554 curitsse
263 2504 421 2552 auferendum.
447 2504 505 2552 Hec
515 2519 590 2568 neque
600 2520 653 2552 cum
665 2521 707 2569 ego
717 2507 778 2554 dice.

105 2587 164 2631 run,
181 2583 257 2632 neque
265 2583 318 2616 cum
329 2576 354 2615 tu
365 2583 467 2631 negares,
483 2569 563 2631 magni
574 2570 685 2616 momenti
700 2579 777 2617 nostre

104 2645 163 2686 estet
176 2632 256 2683 oratio·
280 2632 335 2691 Quo
350 2641 451 2748 temsse
460 2633 777 2761 vigitmssi'ooe'ju‘lffi

105 2710 149 2764 ret,
165 2705 390 2762 mmumqusstten
443 2705 467 2747 t.
488 2711 542 2746 cum
608 2713 657 2762 ipse
