1824 2968
136 133 184 180 to
201 133 269 183 PRO
286 134 411 186 Roscro
427 131 734 184 AMERINO.'cn.1a.

107 285 108 292 κ
132 259 329 320 siunthominem
337 267 373 319 (ut
382 273 429 312 eret
437 262 702 325 furiosumrespondisse,
711 261 800 324 “quod

133 338 179 372 non
191 333 264 374 totum
276 329 347 375 telum
359 343 450 392 corpore
460 329 605 392 recepissct”
631 327 686 384 Quo
700 326 800 388 populus

135 388 262 438 Romanus
273 393 331 438 nihil
353 392 410 439 vidit
428 393 553 454 indignius,
571 391 615 438 nisi
633 389 735 450 ejusdem
757 388 801 437 siri

134 464 240 512 mortem,
259 471 311 518 quos
328 463 419 502 tannim
435 456 518 519 potuit,
535 464 562 502 ut
577 469 656 502 onmes
672 455 731 501 cives
747 469 800 502 suos

133 517 255 580 perdiderit
267 527 290 565 et
305 519 425 567 afflixerit:
443 535 500 583 quos
511 519 566 583 quis'
581 533 670 566 servare
682 533 723 581 per
737 533 801 565 oom-

133 582 268 644 positionem
279 584 377 642 volebat,
388 584 436 647 ipse
447 586 476 630 ab
486 584 514 630 iis
524 584 658 630 interemtus
668 590 708 629 cst
743 627 744 630 ,

164 645 237 692 Estne
243 647 327 694 hocilli
337 649 397 695 dicto
408 656 476 712 etque
484 648 543 695 facto
554 647 716 694 Fimbriaenon
727 645 800 692 simii-

133 709 234 756 limum?
245 711 364 760 Accusatio
373 714 425 761 Sex.
436 712 553 760 Roscium.
566 711 631 769 Quid
638 711 689 758 ite?
701 710 800 768 Quicde

134 773 240 821 manibus
254 776 332 823 vestris
348 777 443 838 effugit:
461 777 516 840 quie
531 791 555 823 se
571 775 642 822 occidi
658 789 738 836 possus
754 789 801 821 non

134 845 175 882 est.
192 837 264 895 Illud,
276 840 363 902 quiain
376 841 477 888 Scaevoli
485 841 576 890 tactum
587 848 629 897 est,
641 839 715 900 magis
725 837 801 900 indig.
841 851 843 856 ·

133 914 191 947 num
202 902 305 949 videtur:
324 904 375 963 hoo,
392 904 447 966 quia
461 903 487 950 fit
502 920 516 950 a
529 903 685 966 Chrysogono,
700 917 757 948 num
768 909 802 948 est

135 963 274 1012 ferendum?
292 967 356 1013 Nem
376 970 427 1029 (per
441 967 503 1014 Deos
516 968 656 1014 immortales
664 967 683 1025 l)
701 966 802 1029 quidest

135 1027 159 1073 in
170 1028 213 1075 hec
228 1030 304 1088 cousi,
321 1031 384 1092 quod
397 1031 531 1080 defensionis
545 1031 664 1093 indigeat?
684 1030 803 1092 quisslotus

133 1090 251 1154 ingenium
263 1095 354 1156 patroni
364 1095 466 1158 requirit,
478 1103 519 1142 aut
527 1095 633 1142 orationis
647 1094 801 1157 eloquentium

133 1170 270 1221 magnopere
285 1158 413 1207 desiderati
435 1161 521 1208 Totam
534 1173 634 1218 causam,
648 1158 744 1219 judices,
761 1174 802 1206 ex·

133 1221 252 1284 plicemus,
261 1232 330 1288 atque
338 1233 391 1272 onte
401 1225 477 1272 oculos
489 1223 615 1287 expositam
626 1223 800 1270 consideremus.

134 1283 173 1331 Ita
182 1286 297 1346 facillime,
315 1292 367 1352 q'uae
380 1305 415 1337 res
427 1298 501 1336 totum
515 1287 628 1348 judicium
639 1287 760 1346 contineat,
778 1295 802 1334 et

134 1349 218 1422 quibus
233 1351 261 1398 de
272 1355 338 1399 rebus
349 1369 390 1400 nos
400 1353 474 1400 dicere
484 1359 594 1416 oporteat,
606 1360 629 1398 et
645 1349 701 1414 quid
712 1365 752 1398 vos
766 1365 800 1398 se·
862 1368 865 1378 ¹

135 1426 176 1474 qur
187 1414 313 1473 conveniat,
324 1416 461 1479 intelligetis.

166 1475 318 1525 XIIITres
337 1488 451 1538 suntme,
473 1482 596 1544 (quantum
616 1495 657 1543 ego
671 1478 802 1527 existimare

134 1549 238 1602 possum)
247 1557 299 1604 quae
315 1545 403 1590 obstent
411 1545 454 1592 hoc
465 1552 566 1607 tempore
577 1546 629 1592 Sex.
642 1543 740 1590 Roscio:
758 1543 803 1590 cri·

135 1617 189 1649 men
201 1603 389 1665 adversariorum,
400 1617 423 1656 et
432 1609 535 1667 audacis,
548 1617 571 1655 et
580 1608 688 1670 potentie.
716 1607 802 1655 Crimi-

135 1667 170 1713 nis
187 1668 343 1717 confictionem
359 1684 474 1720 aecusator
487 1672 586 1720 umatus
600 1672 712 1734 suscepit:
729 1671 802 1719 sudn-

134 1730 175 1779 oiae
182 1740 257 1794 partes
269 1734 346 1782 Roscii
354 1736 396 1783 sibi
404 1745 568 1801 poposoemntt
585 1736 748 1798 Chrysogonus
759 1751 802 1782 eu-
900 1731 901 1764 l

135 1796 223 1855 tem,is
234 1798 274 1861 qui
290 1799 417 1862 plurimum
430 1809 511 1863 potest,
527 1799 630 1863 potentii.
642 1807 738 1862 pugnat.
764 1798 803 1846 De

135 1860 196 1908 hisce
217 1863 324 1910 omnibus
342 1866 409 1911 rebus
426 1879 463 1911 me
480 1865 553 1911 dicere
572 1871 674 1927 oportere
690 1863 801 1925 intelligo.

136 1923 201 1981 Quid
219 1927 360 1989 igiturest?
384 1942 430 1974 non
448 1928 526 1974 codem
545 1927 615 1975 modo
631 1927 799 1984 de'omnibus5
900 1945 901 1984 j

135 1987 186 2035 ideo
194 1990 256 2053 quod
267 1991 341 2053 prime
351 1991 392 2037 illc
400 2006 435 2037 res
448 1991 477 2038 sd
489 2007 568 2038 meum
576 1991 677 2039 officium
687 1991 802 2053 pertinet3

134 2051 279 2101 duasuutem
290 2055 388 2117 reliquas
398 2055 462 2102 vobis
477 2071 508 2118 po
524 2056 576 2103 ulus
591 2057 711 2104 Romanus
726 2055 803 2119 impo-

135 2116 187 2162 suit
204 2118 256 2180 Ego
271 2118 364 2178 cumen,
380 2127 475 2182 oportet,
505 2119 589 2167 'uomr
607 2135 646 2168 vos
663 2128 686 2166 et
701 2119 803 2168 audacie

136 2179 244 2241 resistere,
265 2190 287 2229 et
305 2183 426 2230 homiuum
443 2183 555 2244 ejusmodi
569 2183 718 2246 perniciosam
732 2192 803 2247 etque

134 2242 300 2292 intolerandam
313 2249 439 2310 potentinus
449 2249 524 2311 primo
539 2263 631 2312 quoque
645 2257 747 2310 tempore
761 2263 803 2296 ex·

135 2306 249 2368 stinguere
255 2319 324 2373 atque
335 2312 462 2375 opprimere
472 2313 566 2360 debetis.

168 2370 376 2437 Occidissepatrem
384 2377 436 2424 Sex.
445 2377 542 2424 Roscius
550 2376 660 2439 arguitur.
676 2376 803 2424 Sceloetum

136 2433 189 2489 (Dii
206 2436 345 2486 immortales
354 2440 373 2498 l)
393 2456 419 2488 cc
430 2441 543 2488 nefarium
553 2441 649 2497 focinus,
661 2448 730 2502 etque
742 2440 804 2500 ejus-

135 2499 208 2557 modi,
231 2517 278 2564 quo
295 2517 342 2550 uno
360 2505 471 2552 maleficio
489 2505 572 2552 scelera
589 2504 667 2550 omnio
683 2504 804 2566 complexe

134 2577 181 2610 csse
192 2563 316 2612 videantur.
333 2567 428 2614 Etenim
445 2567 464 2615 si
481 2568 524 2627 (id,
541 2567 603 2630 quod
616 2567 722 2630 predere
738 2581 752 2613 a
768 2582 805 2614 se·

134 2626 432 2690 pientibusdiciturtsultu
451 2631 619 2694 copolentur
636 2630 724 2692 pletas}
741 2629 806 2692 quod
