1824 2956
232 151 276 200 ini
289 151 441 204 VERREM·
454 152 501 202 Ν.
512 151 582 203 .Gsr.
596 153 635 208 17.
725 155 775 208 tion

99 278 168 329 novin
185 279 264 328 effietis
280 281 326 330 tuie'
340 280 478 344 nefariisque
495 279 612 340 institutis,
630 279 731 342 exigeres
748 288 773 331 et

99 343 208 406 eriperes,
217 359 330 406 magnum
341 353 363 392 te
371 345 449 393 fecisse
455 339 601 403 arbitrabere,
609 344 707 406 sipluris
715 359 771 400 νεη-ι

98 407 196 467 dideris,
208 424 279 470 quern
296 409 324 456 L,
336 409 482 470 Hortensius,
498 418 563 472 peter
578 409 642 455 istius
659 407 689 466 Q.
707 409 771 456 Hor-

99 471 178 530 tensii,
194 487 265 535 quern
280 473 324 521 Cn.
341 473 473 536 Pompeius,
491 487 562 536 quem
577 473 614 518 M.
633 472 768 532 Marcellus,

99 536 144 599 qui
157 537 187 584 ab
201 536 316 599 oequitste,
332 539 362 584 ab
373 537 433 600 lege,
443 541 473 586 sb
487 537 605 596 institutis,
616 551 663 586 non
673 551 769 586 recesse-

99 603 176 648 runt?

132 664 220 712 XVII.
231 663 274 712 An
280 665 395 714 tibiuuius
402 665 457 714 enni
464 663 657 712 autbienniirstio
663 663 769 715 habende

98 727 162 784 fuit3
175 729 235 775 salus
241 728 371 791 provincie,
379 729 499 780 commode
505 729 538 776 rei
543 728 769 786 frumenterioennio

99 792 233 854 reipublice
253 792 279 840 iu
295 802 412 856 posterum
430 793 476 842 fun
493 792 646 856 negligendo?
662 808 716 840 cum
735 793 768 840 ite

99 871 151 904 rem
168 856 314 904 wirnitutnn
333 858 463 920 accepisses,
480 865 543 906 utet
559 857 646 921 populo
660 858 768 906 Romam

99 920 156 968 setis
164 920 274 968 frumenti
285 937 314 970 ex
322 921 400 972 Sicilie
411 921 600 984 suppeditaretur,
609 930 633 970 et
642 921 768 970 ueteribus

98 991 178 1032 tmen
188 1000 252 1032 erere
263 993 332 1048 enne
342 1001 408 1048 egros
418 986 490 1034 colere
500 986 623 1048 expediret.
641 985 706 1044 Quid
714 985 768 1037 effe·

98 1048 168 1096 eisd?
186 1049 243 1112 quid
253 1058 367 1098 essecutus
379 1053 422 1098 es?
440 1051 474 1098 Ut
484 1051 570 1113 populo
581 1051 697 1108 Romano,
707 1065 767 1112 pree·

98 1121 149 1160 tore
159 1121 190 1170 te,
202 1113 276 1160 nescio
284 1113 341 1176 quid
351 1114 381 1162 ed
389 1115 496 1164 decumae
504 1114 625 1171 accederet,
635 1113 768 1165 deserendae

98 1176 212 1224 arationes
225 1177 431 1241 relinquendasque
445 1177 536 1228 mesti.
553 1177 664 1226 Successit
678 1177 721 1224 tibi
735 1177 765 1224 L.

99 1239 220 1290 Metellus.
237 1241 277 1288 Tu
288 1241 437 1299 innocentior,
448 1257 519 1316 quem
529 1241 662 1290 Metellus?
679 1249 705 1288 tu
715 1241 767 1288 leu-

98 1304 135 1354 dis
145 1313 169 1352 et
179 1305 270 1353 honoris
278 1305 402 1368 cupidior?
419 1306 461 1356 tibr
469 1306 530 1356 enim
538 1306 669 1354 consulatus
679 1319 767 1366 qurere-

97 1369 176 1428 betur,
188 1368 286 1418 Metello
301 1379 409 1432 petemus
421 1370 494 1418 honor
507 1379 530 1418 et
545 1370 620 1418 avitus
635 1369 766 1431 negligeba-

97 1441 152 1482 ωτι
170 1433 245 1482 multo
258 1434 354 1484 minoris
367 1434 477 1494 vendidit,
492 1449 539 1482 non
552 1433 630 1493 modo,
641 1448 712 1496 quem
728 1442 763 1494 tu,

97 1497 138 1549 esd
149 1497 227 1556 etim,
235 1513 307 1560 quem
317 1499 358 1562 qui
368 1507 421 1548 ente
429 1508 452 1550 te
462 1499 620 1549 vendiderunt.
638 1497 733 1556 Quoero,
745 1497 765 1547 si

96 1561 148 1624 ipse
165 1562 292 1624 excogitare
306 1577 353 1612 non
367 1571 464 1626 poteret,
478 1562 675 1626 quemadmodum
693 1565 765 1626 quani

96 1621 200 1689 plurimo
210 1625 331 1683 venderet:
348 1643 378 1676 ue
392 1636 433 1678 tus
447 1627 541 1690 quidem
551 1628 649 1676 recentis
663 1627 765 1690 proximi

95 1690 201 1752 praetosis
216 1690 310 1752 vestigia
317 1692 423 1754 persequi
434 1700 531 1754 poteret,
543 1701 570 1740 ut
580 1692 626 1740 tuis
641 1691 763 1754 preclaris,

94 1756 139 1805 abs
149 1765 172 1802 te
187 1755 288 1818 principe
302 1756 400 1803 inventis
415 1763 439 1804 et
450 1756 591 1818 excogitatis,
602 1755 681 1804 edictis
695 1763 764 1817 etque

96 1818 207 1866 institutis
221 1819 340 1868 uterenrr?
358 1821 403 1868 Ille
416 1835 469 1868 vero
484 1829 536 1869 tum
546 1835 570 1866 se
585 1819 765 1867 Metellummi.

96 1882 161 1930 nime
175 1882 224 1932 fore
236 1883 346 1947 putiseet
362 1884 416 1932 site
430 1883 480 1932 uite
493 1884 518 1931 in
531 1899 555 1931 re
572 1883 675 1930 inritatus
690 1885 762 1938 esset}

94 1946 139 2010 qui
149 1948 179 1994 sb
190 1949 247 1996 urbe
257 1947 343 2005 Romi,
355 1948 418 2011 quod
428 1963 496 1996 nemo
507 1962 612 2010 unquam
627 1954 680 2009 post
689 1945 764 2010 homi

96 2025 156 2065 num
169 2012 305 2060 memoriam
318 2011 381 2070 iecit,
393 2027 447 2060 cum
462 2013 505 2060 sibi
518 2012 544 2060 in
556 2010 696 2074 provinciam
711 2025 765 2073 pro·

95 2075 244 2125 nemrim
254 2085 354 2139 putaret,
364 2076 441 2124 liures
451 2076 481 2124 sd
489 2076 572 2125 Sicilire
582 2074 682 2124 cintstoe
692 2074 764 2132 misit,

95 2155 206 2252 niti
220 2140 701 2268 ffiffilnfflffiliiffl
711 2137 764 2253 iil

95 2267 223 2318 adventum
229 2283 297 2316 suum
306 2285 315 2325 ς
331 2277 355 2316 et
361 2269 431 2317 simul
436 2269 543 2326 ostendit,
552 2283 575 2318 ee
581 2268 631 2330 lege
639 2266 764 2316 Hieronica

95 2331 261 2389 uenditurum3
278 2333 322 2380 hoc
336 2343 377 2393 est,
393 2333 496 2382 inomni
511 2333 598 2382 ratione
614 2331 763 2380 decumarum

94 2396 155 2452 nihil
169 2397 208 2445 isti
222 2397 296 2444 simile
307 2397 430 2446 facturum.
447 2399 528 2460 Atque
542 2397 600 2455 hec,
615 2411 662 2444 non
674 2395 763 2459 cupidi-

93 2468 142 2518 tate
154 2460 235 2524 aliqui
249 2461 326 2512 scribit
338 2462 459 2520 adductus,
477 2462 540 2510 utin
555 2461 654 2508 mem
671 2459 764 2524 provin-

93 2525 154 2574 cism
165 2525 242 2574 mittet
251 2525 328 2576 literas
339 2535 393 2576 ante
403 2536 511 2589 tempuss
528 2525 569 2574 sed
580 2525 680 2584 oonsilio,
692 2539 732 2582 ne,
745 2524 764 2572 si

92 2597 189 2654 tempus
206 2589 298 2640 udonis
315 2591 478 2654 preterir'sset,⁴
487 2590 631 2702 prenqmiu
649 2588 766 2658 provincii

487 2658 493 2678 δ’
519 2669 538 2702 D
799 2657 802 2662 “
