1824 2968
92 161 95 168 ι
113 130 146 178 ot
178 124 248 175 PRO
263 123 388 174 nosclo
405 120 580 173 AMERINO.
598 119 662 173 Carss
673 123 713 174 ld.

113 269 172 314 sore,
181 251 250 318 atque
259 253 284 301 id
291 251 396 315 objicere,
405 252 468 318 quod
479 251 576 316 planum
588 253 662 301 lacere
671 267 718 302 non
726 258 784 304 'rno-

114 320 144 368 do
163 335 209 367 nou
226 319 306 382 possis,
322 333 401 384 verum
418 333 447 364 ne
466 317 552 366 coneris
569 317 683 380 quidem?
701 319 783 368 Nemo

114 387 217 432 nostriim
228 391 269 438 est,
281 381 361 441 Eruci,
373 382 430 445 quin
443 381 506 441 sciat,
523 380 565 427 tibi
579 380 709 430 inimicitias
725 399 782 431 cttm

114 451 168 497 Sex.
180 447 263 496 Roscio
274 445 348 492 nullas
359 461 412 492 esse.
430 445 516 493 Vident
522 459 609 505 omnes,
617 445 664 507 qud
672 445 701 493 de
712 448 783 494 causi

114 512 169 560 huic
179 510 285 557 inimicus
292 509 376 556 venias.
392 509 481 566 Sciunt,
492 509 587 568 hujusce
596 509 695 571 pecunie
706 519 729 557 te
739 511 783 558 ad-

115 577 211 623 ductum
222 589 276 620 esse.
297 572 362 630 Quid
372 588 426 634 ergo
436 575 489 622 est?
514 571 551 618 Ita
559 580 637 619 tamen
648 557 748 635 quaestis
759 583 783 622 te

115 639 226 702 cupidum
244 651 291 684 esse
306 639 431 700 oportebat,
447 645 474 684 ut
490 636 573 682 horum
591 635 783 686 existimationem

115 712 138 750 et
149 703 224 764 legem
236 701 368 748 Remmiam
379 710 470 763 putares
477 699 565 762 aliquid
573 700 647 747 valere
657 710 770 763 oportere.

147 765 205 813 XX.
216 765 365 812 Accusatores
375 765 460 811 multos
471 779 518 812 esse
528 763 553 810 in
563 763 662 822 civitate,
673 765 783 826 utilescit,

115 838 142 877 ut
149 837 213 876 metu
220 829 361 876 contineatur
371 828 479 875 audacia:
492 837 648 875 verumtamen
656 827 700 876 hoo
707 829 740 876 ita
748 835 784 878 est

115 893 180 953 utile,
195 902 222 941 ut
236 908 265 940 ne
279 894 347 956 plane
361 891 486 939 illudamur
499 893 528 938 ab
543 892 716 940 accusatoribus.
740 895 784 941 In-

114 972 197 1006 nocens
209 965 242 1005 est
252 957 381 1020 quispiam:
399 965 565 1013 verumtamem
583 971 726 1019 quamquam
740 961 783 1006 ab.

44 1029 47 1036 '
115 1030 149 1068 est
167 1039 181 1069 a
198 1021 274 1083 culpi,
292 1019 418 1082 suspicione
434 1028 512 1066 tamen
526 1034 572 1066 non
588 1028 654 1068 caret.
678 1020 783 1070 Tametsi

115 1085 225 1133 miserum
236 1092 277 1144 est,
289 1083 367 1132 tamen
378 1082 406 1142 ei,
418 1083 459 1147 qui
469 1083 532 1130 hunc
539 1092 635 1142 accuset,
647 1085 732 1146 possim
740 1086 783 1133 ali-

115 1149 238 1212 quomodo
248 1149 369 1212 ignoscere.
386 1147 448 1195 Cum
456 1147 518 1194 enim
526 1147 614 1211 aliquid
621 1147 712 1206 habeat,
736 1150 783 1212 uod

114 1214 185 1276 possit
193 1214 312 1262 criminose
322 1229 349 1262 ac
359 1212 480 1276 suspiciose
491 1212 572 1270 dicere,
584 1221 660 1274 aperte
670 1213 695 1259 lu
713 1213 718 1223 ’
730 1213 784 1262 'cari

114 1276 527 1326 etcalumniarisciensnonvideatm.
544 1276 623 1334 Quare
631 1276 697 1324 facile
703 1292 784 1326 omnes

115 1343 225 1404 patimur,
242 1358 289 1389 esse
303 1341 485 1405 quamplurimos
499 1349 652 1397 accusatoresr
670 1341 732 1404 quod
744 1343 782 1402 in.

115 1421 206 1463 nocens,
221 1405 240 1452 si
250 1414 366 1452 accusatus
381 1405 417 1462 sit,
429 1405 515 1452 absolvi
525 1413 613 1468 potest;
630 1419 722 1465 nocens,
737 1403 782 1454 nisi

115 1477 232 1515 accusatus
241 1467 319 1527 fuerit,
335 1467 479 1515 condunnari
490 1483 536 1516 uon
545 1477 626 1532 potest
651 1469 737 1516 Utilius
748 1475 782 1517 e'st

115 1540 193 1579 autem
204 1530 290 1578 absolvi
299 1531 452 1589 innocentem,
470 1548 541 1595 quam
555 1541 675 1581 nocentem
688 1548 781 1582 oausam

116 1609 162 1643 non
180 1595 261 1642 dicere.
283 1595 411 1642 Anseribus
428 1595 511 1642 cibaria
525 1596 615 1658 publice
628 1597 740 1656 locantur,
754 1603 782 1646 'et

114 1675 180 1707 canes
191 1659 285 1706 aluntur
294 1659 319 1704 in
330 1659 451 1721 Capitolio,
462 1666 489 1706 ut
500 1659 634 1721 significent,
645 1661 733 1710 silures
741 1677 780 1710 ve·

114 1724 196 1772 nerint.
220 1724 256 1770 At
272 1721 334 1770 fures
347 1723 497 1770 internoscere
509 1738 555 1769 non
565 1733 674 1784 possunt:
692 1725 779 1788 signifi.

114 1797 167 1836 cant
175 1796 261 1848 tamen,
273 1788 292 1834 si
303 1787 344 1849 qui
354 1795 422 1834 noctu
432 1786 457 1833 in
468 1785 609 1849 Capitolium
619 1789 735 1836 venerint:
747 1800 779 1851 et,

114 1851 170 1914 quia
183 1851 208 1897 id
221 1860 255 1899 est
269 1851 426 1913 suspiciosum,
441 1850 532 1898 tametsi
541 1851 619 1898 bestiae
630 1861 691 1909 sunt,
703 1861 780 1903 tamen
824 1863 828 1870 '

113 1915 139 1962 in
150 1930 200 1962 eam
208 1924 297 1978 partem
304 1915 380 1978 potius
387 1922 490 1978 peccant,
499 1930 551 1978 quse
559 1923 592 1962 eet
600 1914 692 1962 cautior.
709 1916 780 1974 Quod

113 1979 133 2026 si
147 1979 198 2027 luce
215 1995 307 2043 quoque
321 1993 387 2026 canes
402 1979 494 2038 latrent,
510 1993 563 2026 cum
578 1978 641 2026 Deos
655 1979 780 2030 salutatum

112 2043 186 2106 aliqui
196 2044 313 2102 venerint3
325 2043 412 2106 opinor,
423 2042 451 2090 iis
458 2058 524 2090 crura
534 2041 706 2105 suffiingnntm,
718 2045 780 2107 quod

113 2122 174 2155 acres
185 2109 231 2156 sint
240 2109 310 2156 etism
320 2117 379 2167 tum,
394 2122 448 2155 cum
459 2106 556 2169 suspicio
569 2107 634 2154 nulls
648 2106 683 2154 sit.
701 2108 780 2156 Simil-

113 2171 170 2219 lima
187 2181 220 2220 est
237 2180 392 2221 accusatorum
411 2169 476 2218 ratio.
504 2169 556 2217 Alii
574 2173 673 2220 vestrim
692 2187 780 2222 anseres

112 2244 175 2295 sunt,
187 2237 229 2300 qui
238 2235 396 2284 tantummodo
406 2235 515 2292 clamant,
523 2249 603 2282 nocere
613 2250 660 2282 non
670 2237 778 2299 possunt;

112 2299 153 2346 alii
163 2315 238 2358 canes,
247 2300 288 2361 qui
298 2307 320 2346 et
327 2299 409 2346 latrare
417 2307 440 2346 et
447 2298 550 2347 mordere
560 2307 661 2361 possunt.
686 2299 779 2350 Cibaria

112 2363 177 2411 vobis
187 2362 282 2425 praeberi
296 2361 414 2410 videmus:
432 2379 471 2412 vos
485 2371 563 2410 autem
577 2363 678 2411 maxime
692 2363 778 2413 debetis

112 2427 137 2472 in
149 2441 186 2472 eos
199 2426 311 2489 impetum
325 2426 406 2484 facere,
422 2426 463 2490 qui
477 2435 600 2474 merentur.
624 2426 677 2474 Hoc
691 2429 777 2490 populo

112 2487 267 2549 gratissimum
278 2496 318 2536 est.
335 2488 434 2549 Deinde,
446 2490 465 2537 si
475 2490 563 2550 voletis,
574 2490 643 2537 etiam
652 2498 711 2550 tum,
723 2506 777 2540 cum

112 2551 233 2598 verisimile
243 2552 286 2600 erit
295 2551 395 2614 aliquem
406 2554 553 2612 commisisse,
568 2553 593 2600 in
603 2552 730 2616 suspicione
743 2557 777 2602 la·

112 2621 207 2662 tratotor
220 2613 244 2662 id
250 2629 343 2678 quoque
350 2616 441 2664 concedi
448 2623 529 2680 potest.
546 2616 587 2666 Sin
598 2625 675 2665 autem
686 2617 718 2665 sic
726 2634 778 2680 age.
