1820 2954
254 145 293 194 ru
311 143 459 208 manau
476 141 509 192 v.
527 143 642 212 cmm
723 144 779 228 *tou

117 279 216 324 uetustae
226 273 289 322 illiue
299 273 424 336 religionis,
434 282 469 330 ut,
481 287 535 320 cum
545 271 601 320 illuc
611 271 678 330 irent,
690 284 735 317 non
752 269 781 321 ud

115 335 187 384 uadem
198 337 294 397 Cereris,
306 337 345 386 aad
355 337 385 386 ad
392 338 467 402 ipsam
475 334 591 397 Cererem,
599 334 710 400 prosiciaai
718 333 781 381 vide·

115 410 204 513 relidi
214 425 341 514 oitundum
353 432 453 514 diutius:
471 465 555 514 etenim
568 463 708 527 jamdudum
720 477 781 510 vere-

115 543 150 585 or,
162 544 192 577 ne
210 531 282 578 oratio
297 544 350 576 mea
364 531 438 578 aliena
451 533 481 578 ab
493 529 632 590 judiciorum
648 527 743 584 ratione,
760 535 783 574 et

114 593 349 704 quotidiani-dicendi
359 594 529 652 consuetudine,
541 609 589 640 ease
599 593 710 640 videamr.
728 591 781 640 Hoc

131 656 174 716 ico,
186 657 246 705 hanc
255 657 330 721 ipsam
341 658 456 717 Cererem,
463 657 653 721 antiquissimam,
661 655 782 720 religiosis-

114 719 207 782 simam,
218 721 343 796 principem
354 723 459 770 omnium
470 737 584 770 aocromm
595 737 648 784 quae
660 720 724 784 apud
731 735 782 767 om·

115 799 157 832 nea
166 794 245 848 gentes
253 793 399 849 nationesque
405 787 473 844 fiunt,
485 802 500 832 a
508 785 614 834 C.Verre
625 801 653 833 ex
664 784 712 832 auis
723 792 782 830 tem-

115 848 161 911 plis
179 865 205 897 ac
224 849 315 898 sedibus
328 866 376 898 eoae
390 851 511 898 sublatam.
531 849 581 907 Qui
596 848 717 898 aoccaaistia
731 847 782 895 En-

115 913 279 972 nam‚vidistia
295 913 444 962 simulacrum
461 912 780 972 Cereriaemammreetin

114 976 186 1025 altero
197 979 283 1042 templo
293 979 390 1026 Liberae.
409 979 470 1028 Sunt
479 993 507 1026 ea
516 979 634 1040 perampla
644 986 713 1040 atque
723 993 783 1040 prae-

115 1039 185 1100 clara,
204 1043 245 1090 aad
261 1058 308 1090 non
326 1043 359 1090 ita
375 1043 477 1118 antiqua.
498 1042 538 1088 Ex
552 1057 596 1088 aera
610 1041 655 1089 fuit
664 1041 781 1105 quoddam

114 1105 206 1156 modici
215 1107 376 1170 amplitudine,
383 1121 410 1155 ac
419 1106 530 1169 ungulari
540 1119 615 1168 opere,
624 1120 677 1152 cum
686 1105 782 1165 facibus,

114 1169 288 1234 perantiquum,
299 1169 404 1218 omnium
415 1170 516 1229 illorum,
524 1185 576 1232 quae
587 1169 671 1216 suntin
682 1184 709 1216 oo
719 1168 782 1228 suno,

16 1284 20 1291 ,
115 1233 190 1282 multo
200 1234 392 1298 antiquissimum.
409 1233 439 1284 ld
449 1233 556 1287 sustulit:
573 1247 600 1281 ac
607 1241 684 1280 tamen
693 1247 719 1280 eo
729 1248 783 1280 con-

115 1293 193 1346 tentua'
209 1313 256 1347 nou
274 1299 326 1347 suit.
350 1300 412 1346 Ante
429 1298 502 1346 aedem
518 1296 615 1356 Cereris,
629 1296 654 1344 in
667 1304 745 1359 aperto
756 1311 783 1346 ac

115 1363 237 1425 propatulo
246 1363 305 1422 loco,
316 1362 382 1427 tigna
391 1361 438 1410 duo
452 1372 515 1420 sunt,
528 1359 616 1410 Cereris
626 1375 709 1419 unum,
726 1361 783 1408 alte·

115 1441 169 1474 rum
184 1425 330 1491 Triptolemi,
346 1437 369 1476 et
384 1427 546 1492 pulcherrima,
564 1433 586 1474 et
594 1425 720 1500 perampla.
738 1423 784 1490 Hie

114 1490 262 1554 pulchritudo
271 1493 381 1556 periculo,
393 1490 522 1556 amplitudo
532 1490 600 1538 mlutr
608 1489 661 1547 fuit,
672 1489 734 1554 quod
745 1505 783 1538 eo-

116 1569 170 1602 rum
187 1555 304 1606 demolitio
321 1567 391 1622 atque
405 1555 528 1621 asportatio
582 1553 679 1602 difficilia
690 1554 783 1603 uideba-

114 1626 160 1666 tur·
177 1617 299 1669 lnaiatebat
312 1623 336 1670 in
348 1637 420 1670 manu
435 1620 523 1670 Cereris
555 1620 620 1668 extri
634 1619 783 1668 simulacrum

116 1681 270 1744 pulcherrime
284 1685 372 1732 tactum
383 1685 505 1733 Victoria:
522 1684 567 1731 hoc
580 1683 622 1731 iate
638 1699 651 1730 e
662 1683 727 1746 signo
738 1683 784 1731 Ce-

116 1744 172 1792 retia
182 1747 335 1807 avellendum,
347 1748 564 1812 asportandumque,
576 1746 670 1794 curavit.

153 1809 184 1857 la.
199 1809 249 1868 Qui
260 1811 352 1857 tandem
362 1810 427 1858 iatius
437 1811 529 1858 anirnuo
538 1818 572 1856 eat
579 1809 672 1857 nuncin
680 1809 784 1872 recogni-

117 1872 179 1921 tione
188 1873 299 1934 meierum
310 1890 413 1932 auorum,
424 1889 478 1922 cum
488 1888 531 1936 ego
541 1873 598 1935 ipae,·
609 1872 634 1918 in
645 1887 784 1921 commemo-

117 1937 204 1998 ratione
214 1952 303 1996 eormn,
314 1952 361 1985 non
369 1938 445 1986 solum
455 1937 533 1986 animo
541 1951 692 1995 commovear,
703 1952 784 1984 verum

117 2001 187 2048 etiam
198 2017 290 2066 corpore
297 2002 466 2065 perhorrescam
475 2004 486 2050 ἲ
503 2001 576 2050 Venit
586 1999 648 2048 enim
656 2000 715 2048 mihi
724 2001 782 2060 funi,

49 2065 53 2071 '
118 2065 171 2126 loci,
179 2065 294 2130 religionii
304 2065 375 2125 illius,
383 2066 408 2112 in
419 2074 534 2127 mntemt
545 2073 663 2112 vereantur
670 2074 724 2112 aute
731 2081 785 2112 ocu-

117 2130 153 2177 los
163 2130 258 2204 omniu:
275 2130 323 2178 diea
333 2130 381 2186 ille,
390 2146 437 2193 quo
447 2129 591 2204 egoEnnam
602 2143 656 2203 cum
664 2129 785 2188 venissem,

117 2194 277 2314 {iffi
287 2194 574 2321 timum?
581 2192 667 2304 lid
674 2195 787 2321 &izit

117 2337 161 2386 ego
171 2337 225 2372 cum
233 2324 346 2386 loquerer,
357 2322 415 2371 tanti
425 2321 491 2384 fleme
501 2321 647 2384 gemitusque
658 2320 752 2379 fiebunt,
759 2329 786 2370 ut

118 2387 276 2435 aoerbissunua
288 2388 335 2438 toti
346 2390 402 2439 urbe
412 2387 488 2440 luctus
498 2384 582 2434 versari
592 2383 712 2434 videretur.
730 2385 785 2434 Non

118 2450 154 2500 illi
165 2450 313 2499 decumarum
330 2451 435 2516 imperia,
450 2465 496 2498 non
512 2451 626 2498 bonorum
640 2449 786 2524 direptiones,

119 2529 167 2562 non
178 2515 259 2580 iniqua
266 2515 363 2580 judicia,
377 2531 423 2564 non
437 2513 644 2579 importunissimae
656 2513 721 2562 ianus
734 2513 787 2562 libi-

119 2579 194 2637 dinea,
205 2594 250 2635 non
262 2581 319 2640 vim,
331 2596 377 2630 non
391 2579 550 2636 contumeliae,
565 2577 649 2643 quibua
663 2578 736 2642 operti
746 2593 787 2641 op·

119 2643 237 2710 premique
256 2655 329 2708 eruut,
349 2645 560 2712 conquerebanuue
588 2641 676 2694 Cereria
693 2655 789 2702 numen,
