1828 2966
206 163 248 220 Iu
263 163 444 216 enormen
460 164 572 218 omri.
589 165 691 241 osee
738 165 782 244 ιιι

113 290 156 356 qui
165 307 236 356 open
251 309 266 342 ι
281 304 399 360 inestque
409 295 524 345 auxilium
533 296 658 361 petissent3
675 304 716 345 eut
731 310 783 360 qo,

113 357 156 420 qui
166 373 206 406 me
216 358 247 406 ed
257 359 411 408 defendendos
424 361 529 410 homines
545 363 574 410 eb
591 362 685 410 ineunte
699 359 787 408 odoles-

112 422 189 469 centis
208 423 329 484 dedissem,
346 433 449 488 tempore
469 423 538 490 etque
558 425 633 474 officio
647 434 738 473 conotus
756 423 786 472 ed

112 487 270 536 eoewndum
280 489 417 537 traducerer.
442 490 565 549 Dioebum‚
576 490 660 538 hebere
671 505 709 538 eos
725 497 787 536 ecto·

113 565 165 598 rem
175 550 349 626 Q-ssoecfflum,
361 554 403 617 qui
412 554 538 618 praesertim
549 563 648 618 quaestor
663 554 688 602 in
704 553 786 602 eisdem

112 615 240 677 provinciisq
252 626 304 680 post
314 633 353 665 me
392 628 504 678 ostonem,
512 619 598 667 fuisset·
626 618 682 678 Quo
692 633 735 681 ego
746 617 787 664 ed-

112 680 221 740 jumento
233 684 353 744 sperabam
359 634 423 730 (lllno
436 699 451 730 a
466 698 504 730 me
520 683 730 746 molestiamposse
746 681 787 730 (le-

114 745 211 802 moveri,
230 745 254 794 id
271 746 330 794 mihi
347 755 395 794 eret
412 747 567 796 adversarium
582 747 691 796 maxime.
720 747 786 794 Nem

113 806 150 858 illi
160 810 236 858 multo
247 810 306 857 mihi
314 811 358 858 hoe
367 810 457 858 fscssius
467 811 612 872 remisissent,
630 812 648 860 si
658 812 730 870 istum
739 813 786 860 non'

115 875 219 934 nossent,
231 883 272 922 eut
282 875 302 922 si
312 874 354 922 iste
365 874 428 938 apud
438 891 476 923 eos
502 885 584 924 usestor
594 891 640 925 non
650 875 737 924 fuisset.

147 937 273 986 Adductus
283 954 344 998 sum,
353 939 450 1000 judices,
500 940 543 999 cio,
555 939 609 1001 lide,
623 939 785 1000 misericordis,

114 1001 245 1052 multorum
262 1004 376 1051 bonorum
394 1005 508 1068 exemplo,
525 1005 596 1053 veteri
613 1003 786 1063 oonsuetudine‚

41 1113 45 1120 ,
114 1065 269 1130 institutoque
287 1069 411 1130 majorum,
431 1077 458 1116 ut
476 1084 535 1117 onus
553 1069 597 1116 hoc
613 1069 698 1118 laboris
717 1076 788 1134 etque

115 1129 195 1190 officii,
213 1145 260 1179 non
274 1147 304 1179 ex
318 1147 379 1192 meo,
393 1133 433 1180 sed
447 1149 478 1181 ex
492 1149 597 1181 meorum
611 1147 788 1182 necessariorum
875 1189 877 1193 ⁸

116 1202 228 1258 tempore,
240 1195 299 1244 mihi
309 1196 480 1260 suscipiendum
489 1205 602 1260 puterem.
620 1195 675 1260 Quo
685 1196 710 1242 io
718 1209 789 1258 nego-

116 1259 150 1310 tio
161 1267 239 1306 temen
250 1260 291 1308 illu
301 1275 339 1308 me
349 1277 393 1320 res,
403 1261 501 1322 judices,
513 1261 651 1320 consoletur,
659 1257 723 1322 quod
730 1257 788 1320 haec,

116 1337 171 1386 quae
188 1323 280 1372 videtur
297 1340 344 1372 esse
360 1325 473 1374 accusatio
490 1340 551 1385 mee,
566 1339 613 1372 non
629 1323 705 1387 pocius
722 1338 789 1372 sccu-

115 1387 594 1502 setplotzqufflefensioqletspsexiseitqrtende
610 1386 788 1500 Defendoesnim

116 1465 143 1502 m
194 1467 205 1499 s
221 1467 244 1499 m
305 1468 336 1512 es,
352 1469 376 1502 m
452 1469 496 1501 civi
530 1469 562 1509 es,
594 1467 717 1501 romnciem
748 1467 789 1499 101⁴

115 1515 174 1566 lism
185 1524 265 1564 totum.
287 1516 456 1576 Quamobrem,
469 1517 488 1564 si
498 1517 557 1564 mihi
567 1469 627 1565 ulons
638 1525 672 1566 est
682 1531 790 1568 emusens

115 1579 171 1639 dus,
188 1581 356 1644 propemodum
373 1596 466 1629 manere
479 1581 505 1628 in
518 1581 623 1629 instituto
635 1595 688 1628 meo
702 1580 788 1641 videor,

117 1653 142 1692 et
156 1658 203 1692 non
218 1645 312 1692 omnino
327 1661 342 1694 e
356 1645 504 1694 defendendis
518 1645 652 1694 hominibus
668 1645 789 1696 subleven-

117 1707 201 1772 disque
211 1709 333 1757 discedere.
796 1717 799 1728 '

151 1773 223 1832 Quod
239 1774 259 1821 si
273 1773 334 1822 hene
349 1788 442 1822 oeumm
457 1782 506 1822 tem
524 1771 640 1834 idoneam,
656 1781 705 1822 tem
723 1773 789 1822 illus·

118 1844 188 1898 uem,
200 1845 248 1886 tem
262 1853 365 1900 gravem,
379 1853 426 1886 non
440 1838 563 1896 haberem
580 1838 600 1886 si
615 1846 656 1886 eut
669 1838 713 1886 hoc
727 1853 790 1886 eme

118 1901 194 1949 Sicirli
212 1917 259 1955 non
275 1903 401 1976 petissent3
425 1911 467 1949 eut
481 1901 540 1949 mihi
553 1918 609 1968 cum
624 1901 706 1951 Siculis
722 1917 791 1958 ceuss

119 1973 192 2024 ieutae
204 1966 374 2014 necessitudinis
388 1981 435 2014 non
449 1966 610 2024 intercederem
628 1974 651 2014 et
664 1965 716 2024 hoo,
728 1965 791 2028 quod

118 2029 188 2089 facio,
199 2045 239 2078 me
248 2031 379 2094 reipublice
386 2029 456 2078 censis
463 2029 536 2078 fucere
544 2029 668 2094 profiterer,
677 2038 704 2078 ut
711 2029 790 2089 homo,

120 2094 234 2157 dnguleri
244 2093 377 2159 cupiditate,
388 2093 492 2154 audaciis,
502 2095 585 2142 scelere
597 2093 715 2158 preditus,
727 2091 792 2154 cuju's

119 2158 184 2206 furta
205 2167 274 2223 etque
292 2158 379 2221 flagitis
397 2173 444 2206 non
462 2159 487 2205 in
508 2158 587 2207 sicilie
605 2158 689 2217 solum,
709 2157 748 2205 sed
766 2158 792 2205 in

116 2223 223 2282 Achaii,
242 2223 309 2282 Asis,
323 2223 416 2282 Cilicii,
432 2219 580 2286 Pamphylii,
595 2221 678 2270 Rome
693 2219 794 2286 denique

115 2295 177 2336 oute
191 2287 269 2336 oosslos
283 2288 398 2347 onmium,
409 2287 512 2336 maxims
527 2286 703 2350 turpissimeque
715 2289 792 2344 nosse-

121 2365 185 2412 mus,
197 2367 236 2399 me
246 2361 329 2414 egenis
337 2351 362 2398 in
371 2351 485 2412 judicium
493 2360 625 2409 vocaretur3
640 2350 692 2414 quis
699 2352 793 2400 cosdem

116 2425 188 2528 {sse}
201 2416 243 2479 qui
253 2431 333 2464 meum
343 2415 431 2463 fectum
447 2423 488 2464 eut
502 2415 623 2464 consilium
632 2425 708 2480 posset
717 2432 793 2482 repre·

116 2509 120 2517 -
141 2495 170 2528 en
186 2483 258 2531 enei.

117 2585 121 2594 .
155 2545 207 2605 ΠΙ.
225 2543 292 2604 Quid
307 2553 350 2604 esi,
365 2545 417 2606 (pro
427 2541 506 2606 Deim
518 2539 686 2608 hominumque
697 2543 766 2592 fidem
774 2543 792 2603 l)

121 2608 213 2684 inquo
233 2624 276 2672 ego
293 2607 424 2684 reipublice
454 2607 491 2656 lus
507 2605 551 2656 hoc
564 2603 671 2672 'tempore
687 2609 793 2676 prodesse

118 2675 231 2748 osmi
256 2671 419 2736 omnesqui
464 2672 605 2752 susknosuio
621 2673 794 2742 ΜΨ
