1828 2966
200 169 240 221 IN
256 171 439 222 GAECIIrlUM
455 171 567 222 DIVIN·
585 170 649 222 Car.
661 173 685 222 9·
735 169 782 228 117

111 298 219 361 tundam,
240 309 268 350 nt
288 301 382 350 meliore
403 309 426 350 et
445 301 574 350 honestiore
594 299 724 350 conditione
744 299 782 359 sit,

104 371 183 428 ‘quam
200 365 248 430 qui
265 365 314 440 ipse
327 379 374 414 esse
387 365 453 424 vult;
470 374 497 413 ut
507 366 610 414 imitetur
620 364 725 412 homines
737 379 784 425 eos,

105 443 166 492 quos
176 429 226 494 ipse
235 429 292 478 vidrt
302 430 463 493 amplissimos,
475 429 505 477 lr.
518 431 627 478 Crassum
642 437 665 476 et
679 427 716 475 M.
729 430 783 475 Au·

105 491 209 553 toniurn,
226 494 269 557 qui
285 494 344 542 nihil
358 510 382 542 se
396 494 566 542 arbitrabantur
582 493 612 542 ad
625 492 714 553 judicia
730 505 785 538 cau-

107 571 191 620 sasque
205 558 341 617 amicorum,
354 567 437 621 praeter
448 558 518 606 fldem
529 567 551 606 et
561 557 690 620 ingenium,
704 555 785 604 afferre

106 630 220 695 oportere.
233 622 301 670 Nihil
309 623 360 682 erit,
367 622 439 686 quod,
444 638 482 670 me
488 630 578 684 agente,
583 622 713 680 arbitretur,
719 619 783 681 judi-

107 699 172 733 crum
185 687 234 734 sine
242 701 327 749 magno
335 687 463 733 multorum
470 685 571 748 periculo
582 701 647 750 posse
658 683 783 748 corrumpi.

139 749 203 813 Ego,
220 751 245 798 in
258 750 304 825 buc¹
314 750 414 824 judicio,
425 751 484 797 mihi
497 750 626 798 Siculorum
640 765 733 824 causam
748 764 784 797 re·

107 815 306 926 iiiiii?
311 815 728 942 mimmii
736 821 783 938 ri}

109 943 172 1004 quod
183 942 256 990 Siculi
266 943 415 1006 petiverunt),
431 943 469 990 sod
484 943 578 990 omnino
592 942 727 1006 improbitas
738 941 781 1001 (id,

107 1007 172 1070 quod
179 1007 280 1070 populus
286 1007 407 1055 Romanus
412 1007 503 1068 jamdiu
511 1007 608 1068 flagitat)
616 1005 782 1068 exstinguenda

107 1079 178 1182 Qus
189 1071 286 1119 delenda
297 1072 333 1120 sit.
357 1073 387 1120 In
397 1087 444 1135 quo
459 1087 501 1134 ego
517 1071 573 1133 quid
589 1070 652 1128 eniti,
669 1077 710 1117 aut
723 1069 781 1133 quid

146 1150 196 1183 cere
205 1136 300 1199 possim,
309 1135 403 1184 maloin
411 1136 509 1184 aliorum
517 1151 557 1198 spe
564 1135 700 1198 relinquere,
708 1148 780 1198 quarn

107 1198 133 1247 in
144 1208 245 1248 cranone
255 1201 308 1248 meir
318 1215 409 1264 ponere.

140 1263 181 1312 Tu
198 1279 260 1324 vero,
278 1265 364 1325 cecili,
379 1263 437 1328 quid
450 1261 531 1326 potes?
547 1277 595 1326 quo
611 1269 721 1324 tempore,
737 1268 779 1308 aut

104 1327 159 1441 Εἰ
169 1328 194 1376 ἰιι
208 1344 241 1388 re,
256 1344 303 1377 non
317 1327 385 1376 modo
400 1329 514 1392 specimen
529 1325 614 1376 caeteris
628 1323 721 1388 aliquod
737 1325 778 1372 de-

151 1393 167 1454 ‘,
180 1391 220 1440 sed
230 1401 279 1441 tute
290 1394 324 1442 tui
334 1393 461 1457 periculum
472 1392 563 1440 fecisti?
580 1391 610 1438 In
622 1399 723 1438 mentem
734 1389 777 1438 tibi

105 1471 152 1505 nou
168 1457 238 1517 venit,
255 1458 312 1521 quid
325 1458 410 1522 negotii
425 1457 454 1505 sit
469 1471 561 1504 causam
575 1454 691 1520 publicam
709 1453 777 1502 susti·

106 1535 160 1570 nere
168 1523 179 1570 i
191 1522 262 1570 vitam
272 1523 364 1571 alterius
373 1531 444 1570 totam
452 1537 481 1570 ex
497 1519 581 1569 licare?
593 1529 661 1584 atque
670 1533 720 1567 eam
728 1533 776 1567 non

106 1586 177 1634 modo
191 1586 215 1633 in
231 1587 313 1634 animis
325 1586 440 1648 judicum,
507 1586 576 1633 etiam
593 1585 618 1632 in
635 1585 706 1632 oculis
721 1597 777 1632 con-

105 1659 231 1714 spectuque
249 1652 363 1711 omnium,
382 1651 513 1714 exponere?
535 1649 647 1698 sociorum
668 1648 775 1707 salutem,

106 1715 228 1762 commoda
241 1715 418 1778 provinciamm,
434 1715 482 1763 vim
491 1715 579 1778 legum,
595 1711 728 1776 gravimem
737 1712 777 1774 jn·

105 1777 228 1838 diciorum,
239 1778 378 1828 defendere?

138 1843 185 1890 IX.
203 1843 319 1906 Cognosce
330 1859 359 1892 ex
369 1859 408 1892 me
418 1843 537 1907 (quoniam
547 1843 591 1889 hoc
600 1840 702 1904 primurn
713 1849 773 1887 tem-

104 1922 150 1972 pus
158 1906 259 1955 discendi
269 1917 349 1956 nactus
360 1917 403 1968 es),
414 1924 486 1972 quam
496 1906 570 1956 multa
580 1921 628 1953 esse
638 1911 739 1968 oporteat
749 1903 775 1950 in

105 1987 133 2020 oo
144 1971 185 2035 qui
192 1973 290 2020 alterum
302 1982 417 2021 aoocusetr
433 1989 461 2020 ex
473 1972 557 2036 quibus
568 1970 587 2018 si
598 1984 672 2016 unum
681 1967 775 2030 aliquod

98 2035 131 2082 'in
145 2045 169 2084 te
183 2037 328 2098 cognoverisr
346 2053 388 2100 ego
399 2039 449 2098 jam
463 2037 506 2085 tibi
514 2036 564 2098 ipse
574 2035 641 2090 istuc,
658 2030 720 2094 quod
735 2047 776 2078 ex·

104 2100 173 2164 petis,
187 2101 241 2147 meir
255 2101 372 2149 voluntate
383 2100 513 2149 concedam.
541 2097 648 2146 Primum
659 2093 777 2156 integrita-

104 2172 154 2212 tem
165 2173 234 2227 atque
244 2165 397 2213 innocentiam
408 2165 555 2228 singularem.
581 2160 650 2208 Nihil
660 2167 694 2206 est
704 2158 777 2218 euim,

104 2228 168 2292 quod
179 2229 257 2277 minus
271 2228 391 2278 ferendum
402 2229 439 2286 sit,
454 2243 526 2291 quam
537 2225 648 2274 rationem
662 2225 691 2270 ab
706 2223 777 2271 altero

107 2292 161 2341 vine
179 2309 295 2357 reposcere
313 2309 376 2353 eum,
395 2293 437 2357 qui
458 2308 504 2340 non
522 2290 593 2355 possit
612 2304 659 2336 sue
677 2287 777 2336 reddere.

106 2357 156 2406 Hic
170 2372 213 2420 ego
228 2358 257 2405 de
271 2366 294 2405 te
308 2359 376 2420 plura
390 2371 436 2404 rron
448 2356 539 2404 dicerni
556 2368 631 2400 unum
641 2351 700 2398 illud
711 2352 778 2400 eredo

105 2436 186 2470 omnes
196 2421 383 2481 animadvertere,
399 2430 422 2469 te
435 2420 510 2468 adhuc
520 2422 550 2466 ab
561 2416 640 2472 nullis,
656 2415 701 2464 nisi
715 2432 730 2463 a
740 2417 777 2464 Si-

105 2485 171 2543 culis,
188 2486 288 2549 potuisse
306 2487 426 2549 cognosci:
451 2485 540 2534 Siculos
557 2483 602 2530 hoc
620 2480 702 2539 dicere,
722 2496 777 2528 eum

106 2549 314 2610 elementum,
330 2551 368 2598 cui
383 2560 409 2597 tu
420 2557 442 2597 te
452 2549 572 2596 inimicum
587 2561 634 2594 esse
649 2544 713 2602 dicis,
730 2559 777 2592 sese

105 2619 191 2675 nmen,
203 2619 226 2663 te
236 2623 318 2675 actore,
329 2614 359 2664 ad
367 2613 482 2678 judicium
496 2627 543 2661 non
553 2610 671 2661 affuturos.
695 2609 775 2667 Quare
