1820 2958
251 151 292 212 lN
308 152 456 204 VERREM
474 155 511 204 11.
527 155 592 206 Gar·
604 157 647 210 ³5.
738 155 788 212 lul

117 287 160 338 ent,
173 279 208 327 ad
221 279 332 345 Sinopen,
348 297 402 348 qua
419 284 445 332 in
464 285 540 332 Ponto
558 294 601 344 est,
617 283 790 346 navigaverunt.

118 343 193 402 ODii
203 344 359 396 immortales!
377 349 533 404 incredibilem
544 348 671 406 avaritiam,
689 347 791 410 singula·

118 423 214 482 temque
224 410 358 486 audaeipm!
377 413 506 488 lflasemtu
521 414 550 461 de
563 413 633 461 classe
647 412 728 476 populi
743 412 792 459 Ro·

118 486 282 586 theth
295 476 551 590 ”illenim
565 487 594 589 ii
606 486 793 588 0333an

118 569 235 661 maiefieii,
253 602 271 648 si
282 573 305 650 ie
318 604 441 652 hominum
454 606 591 654 existimatio
605 619 652 652 non
667 555 791 659 uigilibatg

119 677 149 712 ne
160 663 220 712 illud
230 666 324 728 quidem
333 669 456 731 eogitabas,
472 671 543 731 hujus
553 668 716 732 improbissimi
726 667 792 727 furti,

119 727 168 775 sive
178 727 235 776 adeo
246 731 338 779 nefarias
352 733 444 795 preda,
461 743 509 782 tam
524 734 635 782 illustrem
650 749 676 784 ac
691 741 740 779 tam
751 746 793 779 no·

119 791 192 850 ¹bilem
203 794 317 844 civitatem
329 794 410 852 testem
420 798 542 846 futuram?
558 799 609 856 An,
621 797 676 861 quia
686 806 737 845 tum
747 796 791 844 Gn.

119 855 245 909 Dolabella
252 858 277 905 in
288 875 350 920 eum,
367 861 409 923 qui
420 863 441 908 ei
451 863 586 925 myoparoni
596 862 725 924 prefuerat,
743 859 791 908 Mi·

119 919 227 985 lesiisque
238 937 286 970 rem
297 933 385 986 gestam
396 925 546 986 renuntiirat,
562 925 741 974 animadvertere
752 933 793 972 tuo

119 994 203 1048 rogatu
212 996 305 1036 donatus
316 997 357 1045 est,
369 990 606 1052 renuntiationemque
616 991 674 1050 ejus,
683 1005 735 1052 quae
745 997 794 1036 erat

119 1049 146 1108 in
162 1050 266 1113 publicas
281 1052 358 1100 literas
374 1054 445 1102 relata
456 1055 550 1101 illorum
564 1053 662 1116 legibus,
679 1054 729 1099 tolli
744 1055 795 1113 jus-

121 1121 199 1226 ffatss
215 1115 297 1166 idcirco
308 1125 330 1164 te
343 1133 372 1164 ex
386 1117 430 1165 hoc
442 1118 536 1166 erimine
551 1117 682 1181 elapsurum
697 1132 744 1163 esse
758 1132 794 1162 ar·

140 1178 183 1234 'ba
200 1183 257 1235 arei

157 1242 265 1292 XXXV.
278 1243 385 1294 Multum
393 1256 416 1294 te
425 1247 469 1294 ista
479 1246 561 1294 fefellit
570 1245 656 1308 opinio,
668 1251 691 1292 et
701 1243 795 1307 quida

122 1307 206 1364 multis
217 1307 311 1356 inlotis.
328 1311 424 1375 Semper
435 1312 497 1358 enim
508 1309 652 1368 existimasti,
663 1317 686 1356 et
693 1307 795 1355 maxime

123 1371 150 1418 in
166 1371 252 1431 stelit,
270 1374 323 1422 satis
339 1385 433 1422 cautum
443 1376 486 1422 tibi
496 1374 526 1422 ad
537 1373 691 1422 defensionem
701 1373 758 1431 fore,
775 1371 796 1419 si

124 1444 167 1484 aut
181 1436 260 1494 referri
273 1438 361 1502 aliquid
376 1440 400 1487 in
415 1441 492 1488 literas
504 1439 607 1503 publicas
619 1438 734 1497 vetuisses,
745 1445 795 1494 aut,

123 1501 190 1564 quod
201 1502 298 1549 relatum
309 1512 374 1563 esset,
392 1505 442 1551 tolli
456 1505 572 1567 ooegisses.
593 1503 646 1551 Hoc
656 1518 726 1567 quam
737 1501 796 1548 nihil

125 1565 165 1622 sit,
182 1567 272 1613 tammsi
289 1583 318 1614 ex
335 1568 415 1616 multis
430 1569 513 1616 Siciliae
528 1569 656 1621 civitatibus
670 1568 744 1631 priore
759 1581 797 1613 κε

126 1629 190 1677 tione
204 1630 310 1689 didicisti,
328 1640 404 1682 tamen
420 1633 489 1680 etiam
506 1634 530 1679 in
541 1634 584 1681 huo
594 1632 644 1701 ipsis
655 1632 744 1680 civitate
759 1645 797 1678 eo·

126 1709 217 1756 gnosce.
242 1697 302 1743 Sunt
315 1697 349 1743 illi
366 1697 459 1761 quidem
471 1698 531 1745 dieto
542 1697 667 1756 audientes,
684 1695 797 1759 quamdiu

125 1758 211 1806 adsunt
227 1759 296 1823 iiqui
306 1759 434 1824 imperant:
451 1762 521 1810 simul
533 1777 560 1810 aa
577 1761 733 1819 dissenserunt,
750 1773 797 1806 non

126 1823 203 1870 solum
220 1823 279 1871 illud
295 1825 446 1887 persoribunt,
463 1826 526 1889 quod
541 1835 592 1876 tum
609 1824 718 1888 prohibiti
734 1830 796 1882 sunt,

125 1887 167 1934 sed
178 1887 246 1936 etiam
258 1904 350 1936 eausam
360 1890 499 1950 adscribunt,
517 1906 557 1938 eur
567 1904 614 1937 non
625 1898 675 1936 tum
686 1889 710 1933 in
721 1887 798 1934 literas

125 1951 227 2008 relatum
235 1952 271 2000 sit.
292 1953 392 2002 Manent
399 1955 448 2010 istae
456 1955 527 2006 literae
538 1954 616 2001 Mileti
624 1969 631 2008 ;
643 1960 753 2006 manent;
766 1958 797 2008 eb

126 2015 185 2063 dum
194 2016 237 2064 erit
246 2017 288 2064 illa
297 2018 384 2077 civitas,
400 2021 533 2073 manebunt.
552 2017 639 2065 Decem
650 2016 711 2064 enim
721 2029 798 2072 naves,

123 2081 192 2140 jussu
203 2081 232 2127 11·
243 2080 358 2140 Murena,
375 2084 475 2146 populus
486 2081 592 2132 Milesius
603 2097 632 2128 ex
643 2077 739 2143 pecunii
749 2093 800 2126 vec-

127 2144 193 2206 tigali
204 2145 285 2208 populi
296 2145 398 2194 Romani
407 2148 499 2206 fecerat,
516 2147 582 2203 sicut,
596 2160 638 2208 pro
649 2144 691 2192 suis
701 2157 799 2207 quaeque

127 2218 201 2271 parte,
219 2209 284 2256 Asia
295 2221 380 2258 caeteroe
391 2210 498 2259 civitates.
519 2210 677 2269 Quamobrem
687 2223 758 2255 unam
769 2223 799 2254 ex

127 2272 217 2334 decem,
229 2288 275 2320 non
286 2274 421 2338 praedonum
431 2275 549 2338 repentino
559 2273 667 2333 adventu,
682 2273 720 2320 sed
730 2272 800 2334 legati

126 2337 257 2397 latrocinio,
273 2353 320 2386 uon
331 2339 512 2403 intempestam,
524 2339 563 2386 sed
574 2339 616 2386 hac
627 2337 730 2386 horribili
740 2346 799 2384 tem-

128 2411 217 2467 pestate
228 2402 348 2463 sociorum,
360 2405 476 2463 amissam,
487 2404 512 2450 in
522 2404 598 2452 literas
606 2403 709 2466 publicas
716 2403 800 2450 retule-

126 2475 191 2516 mut
209 2468 270 2514 Sunt
287 2468 370 2516 liomae
385 2467 454 2531 legati
472 2467 568 2526 Milesii,
585 2466 689 2514 homines
705 2467 799 2514 nobilis-

127 2533 191 2590 simi,
209 2546 235 2578 ae
253 2531 366 2596 principes
385 2533 496 2588 eivitatis;
521 2532 570 2596 qui,
591 2532 680 2579 tametsi
696 2546 799 2578 mensem

127 2596 291 2654 Febmarium,
308 2605 331 2644 et
341 2598 462 2644 consulum
469 2597 639 2658 designatorum
650 2609 742 2651 nomen,
759 2609 800 2640 ex·

126 2671 246 2727 spectant3
265 2669 341 2710 tumen
357 2661 403 2710 hoo
415 2669 506 2710 annun
520 2660 609 2709 facinus
624 2675 669 2708 non
681 2657 750 2706 modo
760 2669 801 2701 ne-
