1820 2958
282 93 324 142 IN
340 91 488 144 VERREM
506 92 541 140 11.
554 91 669 142 Condi).
759 85 808 134 2⁰}

146 225 196 268 um
205 219 286 269 miscet
295 221 404 282 edictum,
417 221 511 269 somme
528 220 639 283 ligurem
654 219 810 272 hereditatem

137 283 263 341 ,adituum
273 301 320 334 non
330 286 406 334 fuisse.
434 286 515 349 AEqua
524 283 655 348 postulatio,
667 299 759 336 summe
767 288 810 336 ho-

146 347 238 396 minum
249 351 379 410 auctoritas,
389 351 462 412 pretio
475 351 630 412 superabatur.

179 413 251 461 Venit
269 415 370 462 Romam
388 415 476 476 ligur:
497 429 544 461 non
561 413 688 476 dubitabat,
706 415 772 478 quin,
792 415 813 490 ei

55 507 56 513 ,
145 475 195 538 ipse
205 477 303 526 Verrem
313 479 461 538 convenisset,
478 479 585 542 equitate
598 493 672 525 cause
682 488 705 526 et
715 487 812 527 aucton-

147 548 194 588 tete
205 541 247 588 suit
258 555 401 590 commovere
416 543 533 590 hominem
549 551 631 606 posset.
659 543 765 590 Domum
782 541 813 590 ed

147 618 202 652 eum
213 607 288 654 venit:
299 618 355 655 ‘rem
366 607 519 654 dmonstrett
536 605 703 670 quampridem
712 608 755 656 eibi
765 607 813 654 hee·

146 668 231 716 reditas
241 671 345 732 venisset,
357 671 428 718 docet.
445 671 516 730 Quod
525 670 591 718 facile
600 671 625 718 in
635 673 703 720 eeneii
712 671 814 736 requiesi-

147 732 189 779 mit
198 732 287 781 homini
297 735 414 798 ingenioso
423 734 477 792 fuit,
488 735 570 793 multe,
586 751 638 798 quae
648 737 753 799 quemvis
763 744 814 783 mo·

148 811 201 844 vere
216 808 316 860 possent,
333 799 399 846 dixit
415 799 458 846 Ad
468 808 596 846 extremum
606 808 682 862 petere
697 801 772 864 coepit,
784 815 815 848 ne

138 875 222 923 ,usque
233 878 260 910 eo
275 879 341 911 suem
355 864 512 912 auctoritatem
528 863 659 926 despiceret,
670 865 815 975 gretiamcffie

148 934 310 986 contemneret,
319 937 346 975 ut
356 926 451 980 retenti
466 928 551 988 injurie
560 927 664 975 afficeret
682 929 762 976 Homo
796 929 815 969 ’-

148 1003 232 1052 gurem
250 1005 354 1040 accusem
368 993 442 1056 oepit,
458 993 507 1055 qui,
521 991 547 1038 in
564 1008 589 1039 re
603 992 730 1040 advenerit
745 1001 815 1054 etque

149 1051 299 1115 hereditarii,
308 1065 357 1104 tam
366 1057 473 1119 diligens,
488 1065 537 1103 tam
547 1064 647 1102 attentus
657 1065 730 1103 esset:
747 1057 816 1104 debe-

139 1131 175 1174 ,re
184 1131 239 1165 eum
253 1119 328 1168 aiebat
338 1136 403 1168 ruem
414 1135 506 1184 quoque
516 1119 628 1166 rationem
637 1119 736 1175 ducere;
753 1119 816 1166 mul-

149 1187 175 1228 te
185 1181 228 1228 eibi
238 1198 296 1246 opus
306 1201 362 1244 esse,
376 1186 451 1232 multo
466 1184 560 1232 crnibus
576 1182 631 1241 eun,
643 1197 700 1245 quoe
718 1183 776 1230 circe
792 1198 816 1230 ee

149 1243 251 1294 heberet.
279 1249 334 1297 Non
351 1263 445 1312 possum
461 1247 503 1295 ille
518 1245 610 1310 plenius
630 1261 816 1306 commemorare,

149 1323 222 1372 quam
232 1311 309 1374 ipsum
318 1313 430 1376 Ligurem
440 1327 482 1376 pro
493 1310 621 1359 testimonio
629 1310 703 1358 dicere
712 1310 816 1358 audietis.

183 1373 248 1432 Quid
258 1377 330 1436 enim,
342 1377 444 1426 Verres?
469 1385 549 1424 utrum
559 1390 589 1422 ne
598 1375 634 1423 his
645 1375 739 1439 quidem
754 1375 818 1422 testi·

143 1438 195 1496 ‚bus
205 1439 327 1490 credetur?
350 1457 380 1488 an
390 1442 440 1489 haec
449 1441 479 1488 cd
489 1455 539 1488 rem
549 1454 596 1487 non
613 1439 726 1503 pertinent
736 1442 747 1488 i
770 1453 818 1487 non

144 1500 190 1560 Μ.
201 1501 319 1554 Octavio?
341 1521 388 1553 non
404 1506 434 1554 Iu
446 1505 548 1568 Liguri?
569 1504 630 1563 Quis
644 1505 710 1552 nobis
723 1504 817 1552 credet?

151 1565 190 1613 cui
205 1571 268 1616 nos?
284 1569 349 1628 Quid
360 1579 401 1629 ert,
413 1570 504 1628 Verres,
516 1568 578 1632 quod
589 1571 685 1632 plenum
696 1569 745 1616 fleri
755 1568 819 1616 testi-

145 1630 196 1688 ¹buo
205 1632 284 1694 poscit,
296 1634 316 1683 si
326 1634 370 1682 hoc
377 1649 424 1682 non
435 1634 462 1680 fit
472 1636 483 1681 i
499 1635 540 1680 An
551 1633 584 1691 id,
596 1633 658 1696 quod
669 1633 757 1691 dicunt,
768 1633 819 1680 leve

146 1694 203 1754 eet?
218 1696 278 1743 nihil
286 1697 368 1758 levius,
379 1713 451 1762 quem
461 1707 580 1761 pretorem
591 1698 654 1745 urbis
664 1697 708 1744 hoc
721 1697 780 1758 jurie
793 1695 819 1742 in

151 1762 343 1887 wi&
350 1763 495 1874 titire
504 1760 820 1889 ffiiiiffiffidii

152 1887 195 1935 An
210 1904 263 1937 vero
279 1889 419 1949 dubitemus,
431 1906 478 1954 quo
496 1906 534 1938 ore
551 1890 593 1937 iste
609 1897 700 1936 ceteros
716 1887 822 1934 homines

152 1950 259 2002 inferiore
273 1955 331 2014 loco,
343 1955 484 2015 auctoritate,
498 1954 584 2011 ordine,
601 1969 647 2016 quo
662 1967 701 1999 ore
717 1950 821 1998 homines

153 2016 279 2066 rusticanos
289 2035 318 2066 ex
328 2019 467 2082 municipiis,
479 2034 525 2082 quo
535 2018 634 2080 denique
642 2032 688 2074 ore,
696 2031 753 2079 quos
761 2029 821 2061 nun-

153 2094 225 2144 quum
240 2082 322 2130 liberes
336 2084 434 2146 putavit,
449 2083 565 2131 libertinos
579 2081 692 2138 homines,
703 2080 782 2127 solitus
793 2077 823 2126 sit

153 2146 277 2212 appellere,
286 2148 336 2210 qui,
345 2149 374 2196 ob
381 2151 420 2209 jus
427 2147 559 2204 dicendum,
569 2146 606 2192 M.
614 2145 739 2194 Octavium
748 2143 823 2206 higu-

153 2224 212 2274 mm,
228 2211 346 2258 hominem
364 2212 535 2260 ornatissimum
551 2209 610 2269 loco,
621 2209 707 2269 ordine,
719 2208 821 2264 nomine,

154 2272 247 2334 uirtute,
262 2275 363 2339 ingenio,
378 2277 456 2340 copiis,
467 2289 558 2338 poscere
567 2273 689 2338 pecuniam
697 2288 744 2321 non
755 2271 823 2320 dubi‘-

155 2337 230 2386 terit?

154 2453 156 2460 ,
189 2402 287 2452 XLIX.
312 2405 342 2452 In
353 2405 418 2454 sertis
428 2405 492 2452 tectis
502 2419 555 2452 vero
566 2403 760 2468 quemadmodum
777 2415 824 2448 sese

156 2467 259 2532 gsswfit,
275 2469 332 2532 quid
342 2486 384 2545 ego
394 2469 486 2517 dicem?
508 2467 634 2528 Dixerunt,
645 2468 686 2532 qui
698 2474 824 2514 senserunt.

156 2535 220 2580 fiunt
230 2532 278 2590 elii,
290 2533 331 2596 qui
341 2535 424 2582 dicant.
452 2535 520 2581 Notae
531 2547 574 2590 res,
590 2549 616 2580 cc
626 2532 761 2589 manifeste,
771 2543 825 2591 pro·

124 2602 127 2610 “
155 2595 212 2660 lete
222 2604 290 2668 eunt,¹
302 2605 325 2646 et
338 2598 492 2662 pmferunttu.
515 2597 584 2656 Dixit
594 2597 622 2646 C.
633 2595 745 2652 Fannius,
757 2603 828 2653 cquee
