1824 2968
114 115 148 162 ³⁰
246 109 666 175 rnor.·QmNn10.'crr.27·‘

116 244 189 299 leres3
205 241 313 308 denique,
322 243 442 291 siviveres
459 242 547 290 Pretor
554 242 664 304 jussieet.
681 239 793 304 Opinor‚'

116 307 136 356 si
146 307 222 366 vellet,
235 309 254 356 si
264 307 357 364 valeret,
369 307 435 367 sijue
446 307 537 364 diesim,
549 305 647 354 sinemo
661 315 783 366 recusaret,

117 372 182 436 quin,
197 388 226 420 ex
242 371 313 434 ipsius
329 371 426 429 decreto,
439 380 461 417 et
476 369 617 434 [satisdare]
632 378 655 417 et
668 369 794 431 judicium·

117 438 217 500 eedpere
236 435 310 483 vellet,
336 435 409 492 Nem,
428 439 479 497 (per
497 434 560 482 Deos
576 435 745 492 immortalem)
766 434 796 482 si¹

117 501 249 564 Alphenus,
260 507 392 563 procurator
403 498 431 545 P.
441 499 542 558 Quintii,
553 499 595 545 tibi
606 508 657 546 tum
668 498 796 558 satisdare-r

118 575 141 614 et
160 563 274 626 Judicium
293 563 394 626 sosipere
411 563 486 621 vellet,
507 562 606 627 denique
625 563 711 620 omniu,
731 563 795 625 quae':

118 629 252 692 postulares,
264 626 337 674 faeere
348 627 463 685 voluisset,
475 626 533 690 quid
543 629 639 688 egeres?
657 628 786 675 Revoeeres

119 707 182 751 eum,
200 706 270 754 quern
289 692 313 738 in
331 691 434 738 Gelliam
452 691 565 738 miseras?
581 691 617 739 At
635 691 673 738 hic
690 690 795 753 quidem·

118 759 168 817 jem
179 755 208 802 de
222 755 295 802 fundo
310 755 427 818 expulsus,
442 757 492 814 jam
507 771 521 802 e
536 755 583 802 suis
597 755 650 802 Diis
664 755 796 817 penatibus

120 835 219 883 praeeepe
230 821 322 880 ejecurs,
332 821 382 880 jam
393 820 466 882 (quod
480 819 665 880 indignissimum
680 827 723 876 est)
734 834 788 866 suo·

120 899 174 931 rum
185 899 301 931 servorum
315 883 431 942 manibus,
446 883 528 930 nuntio
543 891 612 946 atque
626 883 722 945 imperio
737 892 786 942 tuo,

121 947 219 995 violatus
230 956 294 996 esset,
311 947 504 1010 Corrigereshaec‚
514 946 604 1006 seilicet,
614 956 639 994 tu
647 955 731 1009 postea.
748 947 788 996 De

122 1010 793 1138 bbffliifizfnbbeebifflffiffl

122 1150 200 1203 postea
210 1140 267 1204 quid
277 1140 382 1187 futurum
393 1149 458 1199 esset,
469 1140 584 1203 ignorares
592 1139 702 1192 (occidere
710 1109 796 1188 ruteni.

122 1206 197 1254 multa
207 1214 317 1268 possent),
329 1221 393 1268 spem
407 1205 513 1252 maleficii
529 1203 646 1267 presentis
659 1203 686 1251 in
702 1203 789 1252 incerto

123 1270 205 1332 reliqui
212 1270 406 1332 temporiseventu
413 1267 688 1332 collocaresiAtquehec
694 1268 790 1331 perinde

122 1331 212 1395 loquor,
224 1335 298 1396 qussi,
309 1335 359 1396 ipso
369 1335 410 1380 illo
423 1342 533 1394 tempore,
545 1347 599 1379 cum
610 1341 633 1380 te
642 1341 726 1395 praetor
738 1335 790 1394 jue·

97 1412 101 1422 ·
123 1396 187 1443 sisset
198 1412 226 1443 ex
235 1390 308 1443 edicio
318 1397 439 1458 possidere,
449 1397 500 1443 siin
511 1397 674 1458 possessionem
681 1397 796 1455 misisses,¹

123 1459 235 1570 gqbueris,
251 1469 292 1506 aut
306 1460 414 1523 potueris,
430 1461 458 1508 P.
469 1458 594 1518 Quintium
609 1460 638 1508 de
651 1462 790 1523 possessione

153 1525 251 1571 turbare.
792 1547 795 1570 ι

157 1587 268 1636 XXVII.
286 1587 374 1636 Omnis
384 1598 446 1648 sunt,
458 1590 485 1637 G.
494 1587 595 1652 Aquini,
604 1591 725 1650 ejusmodi,
736 1591 790 1653 qui·

125 1651 159 1699 vis
169 1661 196 1699 ut
206 1652 331 1715 perspicere
347 1654 425 1715 possit,
441 1655 466 1701 in
480 1655 523 1701 hec
538 1653 606 1718 equsi
619 1655 793 1718 improbitatem

125 1723 148 1764 et
157 1717 254 1778 gratiam
266 1732 319 1764 cum
327 1716 404 1780 inopii
412 1727 435 1766 et
445 1718 538 1767 veritate
546 1719 686 1767 contendere.
702 1720 792 1768 Pretor

125 1787 149 1826 te
157 1780 352 1842 quemadmodum
358 1782 471 1844 possidere
477 1783 558 1843 jussit?
568 1783 666 1846 Opinon,
673 1799 702 1832 ex
709 1783 789 1831 edicto.

126 1844 223 1906 Sponsio
231 1861 284 1908 quae
293 1845 318 1891 in
329 1849 398 1895 verbu
407 1847 467 1894 facto
477 1850 529 1894 est?
547 1850 564 1875 “
574 1848 608 1906 Si,
615 1863 644 1894 ex
651 1847 723 1895 edicto
731 1863 791 1910 pre·-

125 1908 189 1966 toris,
199 1911 260 1956 bona
270 1910 298 1956 P.
308 1908 399 1967 Quintii
409 1927 510 1974 possesse
518 1925 564 1958 non
572 1911 641 1958 sint.”
658 1912 791 1960 Redeamus

125 1972 155 2019 ed
162 1972 268 2020 edictum.
278 1973 508 2038 quuemadmodum
514 1976 581 2036 jubet
587 1976 715 2038 possidere?
724 1977 791 2024 Num

125 2037 183 2146 qpid
189 2047 222 2085 est
229 2053 310 2096 oeusae,
318 2039 346 2085 C.
353 2039 453 2101 Aquilli,
462 2039 528 2101 quin,
537 2039 556 2085 si
566 2040 634 2102 longe
644 2041 710 2088 sliter
715 2055 792 2103 posse·

143 2101 168 2161 b,
177 2118 248 2163 quem
256 2111 339 2166 pretor
347 2103 426 2161 edixit,
434 2104 477 2150 iste
485 2119 513 2150 er
524 2103 597 2150 edicto
604 2119 649 2152 non
659 2105 791 2167 possederit,

126 2179 168 2226 ego
179 2167 298 2228 sponsione
304 2167 413 2214 vicerim?
433 2167 510 2225 Nihil,
518 2167 604 2230 opinor.
621 2168 791 2231 Cognoseemus

75 2243 78 2247 ·
126 2227 233 2276 edictum.
255 2232 272 2258 “
281 2230 338 2289 Qui,
350 2246 379 2277 ex
390 2231 462 2278 edicto
472 2247 533 2290 meo,
544 2232 568 2278 in
580 2233 742 2295 possessionen
753 2237 793 2282 ve-'

28 2293 32 2300 '
126 2292 225 2338 nerint.”
245 2292 284 2340 De
298 2302 321 2341 te
333 2294 443 2358 loquitur,
462 2294 538 2354 Noevi,
554 2297 750 2359 quemadmodum
765 2307 793 2346 tu

125 2364 200 2418 putes
216 2356 261 2404 Ais
272 2358 343 2418 nim,
352 2366 374 2405 te
384 2374 413 2406 ex
424 2359 496 2407 edicto
506 2360 600 2408 venisse.
614 2361 679 2420 Tibi,
691 2361 748 2425 quid
758 2362 794 2409 fu·

127 2419 180 2477 cies,
192 2419 286 2468 definit:
302 2431 325 2468 te
339 2423 446 2482 instituit,
463 2423 505 2471 tibi
520 2434 631 2488 precepta
646 2425 692 2473 dat,
717 2430 733 2454 ‘⁶
745 2426 794 2473 Eos

126 2481 159 2528 ita
170 2483 259 2532 videtur
269 2486 294 2532 in
304 2487 443 2549 possessione
453 2504 500 2540 esse
511 2490 637 2552 oportere”
650 2490 793 2549 Quomodo?

128 2545 229 2604 “Quod
242 2549 327 2597 ibidem
343 2559 403 2598 reete
417 2552 529 2600 custodire
543 2561 658 2615 poterunt,
670 2553 694 2600 id
708 2553 794 2602 ibidem

128 2611 270 2662 custodiunt:
286 2615 350 2679 quod
364 2630 411 2663 non
425 2625 541 2680 poterunt,
552 2616 577 2664 id
591 2617 680 2666 auferre
690 2625 713 2665 et
723 2616 795 2666 ebdu-
