1828 2966
123 175 171 224 lot
260 171 301 222 IN
317 167 466 222 VERREM
480 169 520 228 11,
537 168 605 218 ΟΑῬ.Ι
615 170 663 218 1ῐ.“

125 319 179 353 eum
190 301 274 361 ceteri,
291 301 332 364 qui
342 308 393 348 tum
403 299 429 347 in
440 297 519 348 sictut
526 297 623 362 negotiis
633 297 717 348 Dionis
727 297 805 348 iuter-

126 369 238 424 fuissentt
255 382 310 415 cum
323 381 364 429 per
380 379 418 413 eos
430 363 491 428 ipsos
505 364 562 423 dies,
578 379 620 427 per
634 378 692 426 quos
705 377 804 412 eausam

126 433 174 482 Dio
188 432 280 490 diceret,
296 429 432 493 reperiretur
446 428 554 492 pecunius
567 428 675 476 sumsisse
688 436 803 484 mutusst

126 497 222 574 npmiue
232 511 274 544 sue
284 493 393 556 exegisse,
402 492 622 605 prodietgreudijligse
629 508 637 549 ς
641 507 704 604 ucium
713 492 804 566 tubulos

126 562 353 682 vliigffindddffl
374 573 500 670 ‘regrigium
517 591 567 683 ism
585 573 642 669 trini
656 620 758 680 audisse,
775 635 805 668 eu

129 703 238 738 nummos
249 687 318 746 sumi,
335 694 362 733 ut
371 686 441 734 Veni
454 685 578 742 durenturs
595 701 650 734 cum
661 685 739 744 amici,
749 685 805 736 hus-

147 755 196 813 ites,
213 750 304 816 petroni
315 749 406 810 Dionis,
417 749 522 798 homines
532 749 694 808 honestissimi,
704 748 756 798 haec
766 763 806 798 es·

130 771 184 865 iem
199 831 223 864 se
233 815 324 863 audisse
334 814 442 862 dicerent.
467 814 567 878 Opinon,
582 830 636 862 cum
649 814 700 862 hee
713 814 805 872 fierent,

32 891 35 898 ’
132 891 183 929 tum
194 895 234 929 vos
244 879 361 937 audiretis,
377 879 437 926 deut
447 879 559 927 eudisdst
576 887 629 926 tum
639 878 757 952 ceusu-ogi
772 878 808 926 vi·

133 946 231 994 deretur.
259 944 297 992 Sic
305 957 366 991 eme
373 952 427 991 sunt
437 951 488 992 sets
498 943 576 992 omnis
585 943 661 1007 priore
670 951 769 1002 monne,
780 951 808 990 ut

133 1010 157 1058 in
175 1008 310 1056 criminibus
325 1007 433 1058 omnibus
449 1008 541 1055 nullum
559 1017 625 1064 esset,
641 1007 667 1054 in
681 1022 729 1070 quo
743 1007 808 1070 quis-

134 1089 205 1138 quam
223 1076 324 1122 vestrim
338 1079 473 1136 perpetuum
490 1073 657 1120 accusationem
673 1072 807 1136 requireret

135 1139 204 1201 Nego
220 1153 268 1186 esse
284 1137 412 1201 quidquem
429 1153 444 1184 ιι
461 1137 557 1186 testibus
572 1136 669 1195 dictum,
686 1135 751 1199 quod
766 1143 808 1184 eut

135 1206 236 1252 vestrim
247 1203 348 1265 cuipiam
356 1209 414 1248 esset
420 1203 552 1262 obscurum,
561 1209 602 1248 eut
609 1202 748 1264 cujusquam
756 1215 808 1248 ore·

136 1268 192 1316 toris
254 1267 356 1315 nentium
367 1274 485 1329 quereret,

169 1333 217 1380 XI.
253 1331 325 1378 terrim
336 1330 368 1378 sic
378 1345 416 1377 me
426 1329 503 1393 ipsum
514 1329 585 1392 egisse
595 1327 708 1377 memorii
718 1328 809 1390 tenetis,

137 1405 165 1444 ut
178 1396 202 1442 in
216 1396 312 1443 testibus
325 1393 491 1456 interrogandis
502 1394 580 1441 oumie
590 1393 687 1442 οτιιιιίιιιι
696 1409 810 1457 propone-

137 1475 195 1516 rem,
212 1467 235 1506 et
252 1458 398 1520 explicarem,
416 1466 451 1518 ut,
468 1473 522 1506 curn
537 1473 586 1505 rem
601 1466 674 1506 totum
690 1457 715 1505 in
733 1457 810 1506 medio

137 1522 313 1586 proposuissem,
338 1531 390 1569 tum
415 1521 515 1589 denique
535 1530 616 1570 testem
637 1523 662 1570 in

139 1589 222 1649 tuque
232 1601 278 1633 non
289 1585 358 1632 modo
368 1600 417 1646 vos,
444 1586 513 1634 uibus
521 1595 556 1634 est
561 1586 723 1647 judicandum,
733 1595 810 1636 nostre

138 1650 235 1699 erimine
247 1650 337 1709 terretis,
354 1650 420 1697 sede
491 1651 592 1714 populus
602 1651 724 1699 Romarm
738 1660 810 1700 totum

137 1715 305 1764 accusationem
323 1729 462 1777 ausamque
480 1714 601 1778 cognovit:
621 1715 713 1763 mmetsi
731 1715 765 1763 its
781 1715 811 1764 de

138 1793 191 1828 rneo
200 1779 261 1827 fecto
270 1779 361 1842 loquor,
377 1779 444 1842 quusi
454 1794 496 1842 ego
510 1778 570 1826 illud
580 1779 633 1827 mei
642 1780 761 1828 voluntate
771 1795 811 1844 po-
895 1785 896 1794 ¹

138 1845 194 1903 tius,
211 1859 282 1907 quem
297 1843 372 1891 vestri
387 1843 473 1905 injurii
483 1841 595 1891 adductus
605 1843 706 1891 fecerim.
735 1843 808 1892 Inter·

139 1909 246 1972 posuistis
260 1916 421 1968 comestorem,
439 1907 488 1970 qui,
505 1922 560 1956 cum
577 1923 619 1970 ego
633 1908 694 1955 mihi
709 1908 730 1956 C
748 1917 771 1956 et
785 1908 810 1956 X

140 1974 188 2022 dies
200 1974 258 2022 solos
268 1973 293 2019 in
304 1971 406 2020 Siciliam
416 1971 577 2036 postulissem,
588 1973 608 2020 C
620 1981 643 2019 et
653 1972 721 2022 VIII
732 1973 778 2021 sibi
786 1973 810 2020 io

141 2039 256 2086 Achaiam
264 2037 396 2101 postularet.
422 2035 516 2083 Menses
526 2035 585 2083 mihi
595 2045 641 2084 tres
651 2051 705 2084 urm
716 2037 811 2101 eripuis·

141 2104 194 2151 setis
205 2103 234 2150 ed
245 2101 360 2165 egendum
371 2100 473 2148 mexinre
483 2100 606 2175 appositos,
617 2100 734 2164 reliqum
745 2117 812 2151 omne

142 2175 234 2230 tempus
249 2167 320 2226 hujus
334 2165 390 2212 enni
403 2167 520 2213 merobis
533 2165 682 2213 remissurum
699 2166 811 2240 putistisp

142 2240 178 2290 ut,
187 2246 241 2279 curn
252 2229 313 2277 horis
327 2229 409 2277 nostris
419 2243 461 2276 nos
468 2244 569 2276 esseurm
579 2229 623 2288 usi,
635 2238 670 2289 tu,
682 2231 743 2279 buis
753 2231 812 2280 ludis

143 2294 289 2358 interpositis,
306 2293 479 2358 quadragesimo
489 2301 541 2356 post
551 2293 588 2341 die
598 2293 761 2358 respondet-est
773 2296 812 2345 de·

143 2358 197 2406 inde
211 2358 244 2404 ite
254 2365 345 2420 tempus
359 2357 487 2416 duceretur,
503 2367 531 2406 ut
540 2373 555 2405 e
565 2357 603 2404 M'
616 2357 742 2408 Glabrione
755 2377 812 2424 pre·

143 2431 201 2478 tere,
212 2430 235 2468 et
243 2436 257 2468 s
264 2421 349 2484 magni
359 2430 424 2484 perte
434 2421 518 2469 horum
526 2421 642 2484 judicum,
652 2421 683 2472 sd
693 2434 811 2487 pretorem

144 2485 217 2531 edium
226 2483 359 2548 iudicesque
368 2485 425 2533 elios
435 2486 571 2534 veniremus.

177 2547 236 2594 Hoee
252 2548 272 2594 si
286 2563 385 2610 egonm
400 2549 522 2608 vidissun3
539 2551 811 2604 simenonomnesnoti

143 2611 263 2674 ignotique
272 2612 421 2672 monuissent,
437 2613 462 2662 id
472 2614 519 2676 egi,
529 2614 555 2662 id
564 2616 667 2679 cogitem,
677 2615 703 2664 in
713 2633 742 2667 eo
752 2619 812 2670 Isbo-

143 2675 412 2736 rmutresiniuud
430 2685 522 2741 tempus
540 2680 810 2746 remees-eternorum
