1820 2958
128 206 177 254 ldd
265 208 306 276 ιΙΝ
323 205 472 256 VERREM
490 206 527 254 11.
544 205 607 254 CAP.
619 204 659 252 ³2.

126 333 224 398 ,celiriu
238 350 315 390 nonne
322 351 415 384 causam
422 335 491 396 hanc,
499 348 571 398 quam
582 348 623 380 no
629 329 806 406 proposuimus,

129 405 181 445 turn
192 399 285 447 illorum
296 398 433 458 testimonia,
445 409 497 448 tum
511 398 577 446 istius
592 395 735 444 tantumitos
750 409 806 457 per-

126 471 199 526 pctus
210 465 347 512 confirmat?
591 513 592 518 q

161 527 273 575 XXXII.
298 529 362 576 Huic
380 528 469 576 homini
488 526 584 591 parcetis
602 523 681 599 igitur,
703 521 804 583 judices,

129 591 195 652 cujus
206 600 269 638 tanta
279 601 371 655 peccata
381 602 443 650 sunt,
459 602 485 639 ut
499 592 525 651 ii,
537 590 622 654 quibus
635 587 732 648 rnJuriss
743 587 806 634 fece-

129 654 168 712 rit,
180 669 254 718 neque
264 655 394 718 legitimum
406 666 497 719 tempus
508 663 638 718 exspectare
650 651 681 698 sd
692 651 806 698 ulciscen-

129 717 196 777 dum,
214 733 290 781 neque
307 721 355 767 vim
372 729 460 767 tantam
479 719 563 767 doloris
579 718 604 764 in
620 724 739 780 posterum
758 713 806 761 dif-

129 779 196 844 icrre,
216 784 350 845 potuerint?
376 785 543 832 Circumssssus
562 797 602 830 cs:
625 797 640 828 a
659 779 766 844 quibus?
789 794 804 825 a

130 844 303 908 Lampsacenis,
322 849 423 896 barbaris
443 847 576 896 hominibus
598 844 695 903 (credo),
716 842 806 890 antiis

128 908 171 972 ¹qui
187 912 268 973 populi
288 913 389 960 Romani
410 927 494 961 nomen
517 918 707 966 contemnerent,
724 907 804 954 Immo

129 988 184 1019 vero
194 976 224 1021 ab
234 975 367 1024 hominibus
379 986 401 1026 et
415 976 498 1026 naturis
511 983 534 1022 et
548 972 713 1026 consuetudine
724 981 747 1019 et
756 971 805 1018 dis-

129 1035 216 1100 ciplinis
238 1037 377 1096 lenissimis3
401 1057 470 1104 porro
492 1048 570 1086 sutem
591 1037 672 1100 populi
691 1035 804 1094 Romani,

130 1101 259 1154 conditione
273 1105 347 1165 sociis,
363 1105 457 1152 fortuni
471 1102 549 1160 servis,
563 1102 680 1149 voluntate
693 1099 805 1163 supplici-

129 1167 190 1224 bus3
204 1178 232 1216 ut
241 1170 387 1234 perspicuum
399 1170 428 1217 sit
438 1168 555 1226 omnibus,
566 1165 610 1213 nisi
617 1173 681 1213 tanta
692 1163 805 1214 acerbitas

131 1230 231 1293 injurio,
252 1242 316 1283 tants
333 1235 367 1282 vis
389 1233 477 1282 sceleris
495 1231 584 1288 luisset,
603 1238 630 1276 ut
649 1227 805 1292 Lampsaceni

130 1296 277 1346 moriendum
292 1299 335 1347 sibi
349 1299 434 1362 potios,
451 1311 521 1360 quarn
537 1293 721 1359 perpetiendum,
735 1301 805 1355 puta-

130 1369 198 1418 rent;
223 1377 344 1427 nunquam
362 1363 414 1410 illos
432 1362 457 1408 in
476 1376 530 1408 eum
549 1359 626 1406 locum
644 1371 804 1420 progressuros

130 1423 209 1483 fuisse,
232 1434 259 1472 ut
281 1426 437 1474 vehementius
458 1425 510 1473 odio
531 1422 634 1471 libidinis
655 1428 711 1482 tuae,
730 1435 804 1484 quam

131 1497 196 1534 metu
207 1488 334 1551 legationis,
346 1500 498 1538 moverentur.

164 1551 252 1611 Nolite,
268 1570 309 1628 per
317 1553 380 1602 Deos
388 1553 544 1610 immortales!
563 1565 642 1616 cogere
653 1550 724 1604 socios
734 1558 805 1625 atque

130 1623 219 1664 exteros
229 1627 331 1669 natronss
341 1619 385 1669 hoc
396 1619 431 1665 uti
440 1617 558 1682 perfugioc
572 1631 628 1679 quo,
639 1613 684 1664 nisi
702 1629 741 1664 vos
749 1630 801 1662 nn-

131 1679 219 1738 dicotis,
238 1690 332 1730 utentur
348 1683 479 1733 necessario.
503 1681 672 1743 Lampsacenos
689 1678 714 1725 in
732 1679 804 1728 istum

131 1757 253 1808 nunquam
263 1747 313 1794 ulls
323 1763 357 1794 ros
368 1747 502 1811 mitigisset,
514 1745 559 1791 nisi
569 1759 623 1791 eum
634 1757 713 1806 poenas
721 1743 805 1790 Romo

132 1808 241 1858 daturum
260 1811 413 1859 credidissent.
443 1809 495 1858 Etsi
509 1810 580 1856 talem
594 1815 727 1870 comperant
741 1807 804 1868 inju-

129 1873 199 1943 riam,
211 1891 283 1950 quom
293 1875 358 1924 nunt
367 1877 418 1938 lege
429 1875 483 1926 setis
494 1874 563 1936 digne
570 1872 676 1936 persequi
684 1879 802 1934 potcrmt3

131 1947 209 1986 tamen
220 1941 366 1992 incommoda
376 1956 418 1990 sus
430 1938 512 1987 nostris
527 1935 669 1984 committere
679 1935 771 1998 legibus
781 1944 804 1986 et

129 2003 230 2068 judiciis,
242 2021 313 2068 quam
321 2004 394 2052 dolori
405 2018 446 2052 suo
456 2002 596 2066 permittere,
605 2000 745 2049 maluerunt.
762 1998 803 2046 'l'u

131 2068 199 2128 mihi,
217 2085 271 2117 cum
289 2069 448 2117 circumsessus
466 2083 480 2114 c
497 2074 546 2112 tam
565 2063 649 2111 illustri
666 2064 757 2115 civitate
773 2063 803 2111 sis

128 2130 130 2134 ’
149 2141 224 2195 ropter
238 2144 306 2182 tuum
322 2134 394 2181 scelus
409 2139 478 2194 atque
489 2129 619 2192 flagitium
637 2143 691 2178 cum
702 2127 803 2190 co'c'geris

131 2149 237 2244 lomnes
248 2199 341 2246 miseros
352 2209 375 2244 et
385 2195 535 2252 calamitosos,
545 2193 611 2255 quasi
620 2191 743 2254 desperatis
752 2207 804 2239 nos-

131 2260 172 2307 tris
183 2261 272 2323 legibus
284 2271 306 2310 ct
318 2261 419 2321 judiciis,
435 2259 465 2306 acl
476 2258 532 2316 vim,
548 2257 577 2304 ad
588 2271 680 2316 manus,
694 2255 724 2303 ad
738 2271 803 2304 anns

62 2327 64 2340 ¹
133 2323 270 2388 confugere3
289 2340 342 2372 cum
358 2333 380 2372 te
394 2325 419 2374 in
434 2322 524 2385 oppidis
539 2330 561 2368 et
575 2321 705 2368 civitatibus
719 2321 804 2368 amico-

132 2402 185 2432 rum
196 2401 243 2434 non
253 2389 356 2450 legatum
366 2388 447 2455 populi
458 2385 569 2444 Romani,
581 2384 620 2431 sed
635 2393 762 2448 tyrannum
776 2385 805 2432 li-

129 2449 262 2496 bidinosum
275 2452 444 2526 crudelemque,
458 2449 596 2512 praebueris3
614 2464 676 2506 cum,
688 2449 753 2512 apud
764 2464 804 2497 ex-

131 2521 190 2560 teras
201 2515 311 2573 notiones,
324 2515 413 2578 impeni
424 2513 569 2576 nominisque
580 2512 650 2560 nostri
661 2511 750 2560 famam
760 2513 804 2564 tuis

131 2574 220 2640 probris
231 2577 368 2641 flagitiisque
378 2578 485 2632 violiris3
502 2593 556 2625 cum
571 2585 594 2624 te
609 2592 637 2624 ex
648 2576 708 2623 ferro
719 2577 805 2625 amico-

131 2654 183 2690 rum
194 2641 275 2704 populi
282 2641 384 2688 Romani
395 2640 511 2705 eripueris,
523 2649 592 2706 atque
603 2655 616 2688 e
626 2639 722 2688 flammi
732 2641 804 2694 socio,-
