1828 2966
257 179 297 226 ru
314 178 462 229 manunt
479 179 500 230 1.
518 179 617 230 osea.
667 231 672 242 ,
724 182 768 232 141

99 305 126 354 id
144 304 240 355 nrolesle
257 306 333 356 ferret
355 309 477 373 cupiebam
494 309 568 358 enimi
583 309 683 358 dolorem
703 311 770 360 vultu

98 379 185 433 tegere,
198 379 221 419 et
230 372 383 421 taciturnitate
394 375 473 422 celare.
489 374 551 422 Eece
561 382 647 433 sutem,
659 373 705 421 illis
715 375 771 436 ipsis

99 434 191 493 diebus,
209 451 264 484 oum
280 445 385 499 praetores
403 438 514 501 designati
531 439 672 498 sortirentur,
691 447 714 486 et
731 437 769 486 M.

99 497 200 547 Metello
210 501 335 563 obtigisset,
349 510 376 548 ut
387 502 406 549 is
417 503 445 549 de
455 503 557 566 pecuniis
567 502 697 566 repetundis
708 519 772 566 quie·

100 574 174 620 terete
188 565 308 612 nuntiatur
317 565 384 625 mihi,
396 574 484 628 tantm
494 567 532 615 isti
540 567 715 630 medeburun
724 583 771 614 esse

99 627 195 686 factem,
213 629 276 676 ntis
295 645 387 692 quoque
404 631 500 678 domum
517 633 624 690 mitteret,
643 631 684 694 qui
704 631 771 679 uxori

100 707 150 738 suae
161 693 301 740 nuntiarent.
318 695 378 742 Sane
388 709 418 742 ne
427 695 476 743 baec
484 696 578 758 quidem
585 711 621 743 res
628 696 687 742 mihi
694 696 771 759 plece-

100 757 157 804 bate
174 771 250 820 neque
260 765 347 816 tamen,
358 759 415 822 quid
426 768 542 822 tantopere
552 760 577 806 in'
591 759 634 808 heo
648 769 707 807 sorte
721 775 771 808 me·

100 820 216 868 tuendum
231 821 290 868 mihi
305 832 371 881 esset,
386 823 549 886 intelligebam.
573 825 654 872 Unum
668 825 728 872 illud
740 839 771 872 ex

99 883 235 932 bominibus
245 886 320 946 certis,
332 902 360 934 ex
371 887 455 950 quibus
465 889 544 936 omnia
554 888 662 952 comperi,
673 889 771 952 reperie-

99 949 174 996 bemr
198 949 264 997 fiscos
282 952 410 1014 complures
429 967 482 1000 oum
501 953 599 1015 pecuniis
615 953 735 1013 Siciliensi,
755 969 770 1000 e

96 1012 204 1076 quodum
214 1022 325 1073 senatore,
337 1015 367 1062 ed
378 1016 479 1079 equitem
489 1017 623 1065 Romanum
634 1033 682 1065 esse
696 1027 770 1064 trans-

99 1077 176 1126 latosr
195 1093 224 1125 ex
234 1078 271 1126 his
281 1079 348 1142 quasi
358 1079 437 1128 decem
447 1082 511 1128 fiscos
522 1081 553 1129 ad
563 1089 689 1130 senatorem
701 1082 771 1128 illum

98 1141 192 1190 relictos
203 1157 258 1200 esse,
269 1144 414 1192 comitiorum
424 1160 529 1192 meorum
540 1147 646 1193 nomine:
663 1145 771 1193 diusoree

99 1206 208 1254 omnium
219 1207 323 1254 tribuum
332 1216 401 1255 noctu
408 1209 517 1256 edietum
525 1218 621 1257 vocatos.
638 1209 678 1256 Ex
686 1209 771 1272 quibus

98 1269 208 1334 quidum,
227 1272 269 1333 qui
287 1287 311 1318 se
327 1273 406 1320 omnie
423 1273 476 1320 mei
493 1273 562 1321 cousi
577 1273 659 1320 debere
674 1273 771 1320 arbitra.

96 1334 178 1394 betur,
195 1335 277 1382 eidem
292 1335 333 1382 ille
347 1345 413 1384 noete
428 1337 458 1384 ed
472 1337 601 1385 mevenit:
621 1337 769 1397 dmonstrat,

98 1399 149 1462 qui
159 1399 203 1446 iste
218 1399 319 1446 oratione
333 1415 388 1447 usus
403 1410 474 1448 esset:
491 1401 680 1448 oommemorisse
690 1401 769 1460 istum,

97 1477 173 1526 quam
183 1462 307 1510 liberaliter
317 1479 354 1511 eos
364 1465 481 1513 trectisset
492 1465 561 1512 etiem
571 1474 646 1525 antea,
658 1480 711 1512 oum
722 1465 771 1529 ipse

98 1535 226 1590 praetunsm
240 1528 342 1590 petisset,
357 1537 380 1576 et
394 1529 505 1592 proximis
519 1530 675 1578 eonsulsribus
688 1539 771 1592 preto.

98 1591 185 1654 riisque
205 1591 318 1638 comitiisr
341 1592 423 1640 deinde
441 1593 548 1640 continuo
566 1608 614 1641 esse
632 1594 770 1658 pollicitum,
807 1613 810 1620 ¹

99 1663 215 1718 quantem
226 1655 310 1702 vellent
324 1656 454 1717 pecuniam,
470 1657 489 1702 si
502 1671 541 1704 me
553 1657 663 1704 ,aedilitate
677 1657 771 1718 dejecis-

14 1769 23 1782 ,
100 1727 161 1768 sent.
187 1719 238 1766 Hie
251 1718 307 1766 alios
323 1719 416 1793 negisse
430 1719 529 1777 audere;
549 1721 605 1768 ulios
620 1723 770 1784 respondisse,

99 1781 713 1908 ffrlssuffiullfffffoffiwffflifillvffi,
721 1801 772 1896 ii?

99 1911 176 1970 milit,
192 1926 224 1958 ex.
237 1909 325 1972 optimi
338 1911 463 1959 divisorum
478 1910 606 1974 discipline,
620 1911 691 1974 patris
705 1912 771 1960 istius

100 1975 242 2040 discipulum
254 1983 323 2038 atque
333 1975 442 2035 amioum,
454 1975 503 2038 qui,
515 1976 559 2024 HS
573 1975 704 2039 quingentis
717 1975 771 2022 mil-

100 2040 162 2088 libus
178 2039 297 2101 depositis,
315 2039 340 2086 id
357 2055 381 2087 se
396 2039 550 2103 perfecturum
567 2039 727 2102 pollicereturr
748 2047 771 2086 et

99 2103 171 2158 tubes
182 2112 261 2150 tamen
272 2104 403 2165 nonnullos,
414 2104 455 2167 qui
466 2119 490 2152 se
504 2104 551 2150 uni
565 2104 664 2151 facturos
678 2118 725 2150 esse
736 2103 771 2150 di-

99 2177 185 2216 eerent
210 2167 272 2226 Qus
285 2182 339 2214 oum
353 2168 386 2216 ita
400 2176 481 2228 essent,
499 2182 553 2214 sane
569 2167 679 2215 benevolo
693 2167 771 2216 animo

101 2247 148 2292 nie,
160 2241 189 2280 ut
199 2246 339 2294 magnopere
349 2247 460 2291 caverem,
471 2234 634 2294 premonebat.

134 2297 182 2345 IX.
197 2295 341 2345 sollicitabar
351 2299 419 2346 rebus
428 2295 536 2343 maximis
546 2311 593 2345 nno
604 2305 673 2370 atque
684 2311 710 2343 eo
720 2312 773 2360 per.

101 2361 188 2424 exiguo
198 2369 309 2422 tempore.
336 2361 456 2424 Urgebent
469 2360 576 2417 comiti23
594 2369 617 2408 et
630 2374 655 2406 m
668 2359 704 2408 bis
718 2361 772 2425 ipsis

101 2426 255 2488 oppugnabar
265 2424 346 2486 grandi
360 2425 464 2488 pecunia.
489 2424 594 2473 Instabat
606 2424 734 2486 judicium:
752 2425 773 2472 ei
816 2476 817 2482 ἵ

102 2503 197 2554 quoque
207 2488 298 2550 negotio
308 2489 357 2537 fisci
368 2489 494 2537 Sicilienses
508 2489 662 2537 minabantur.
685 2490 772 2552 Agere,

99 2569 157 2616 quse
175 2551 207 2600 sd
226 2551 341 2614 juditium
359 2553 511 2616 pertinebant,
530 2553 609 2613 libere,
629 2553 774 2600 conitiorum

104 2617 324 2665 metudeterreborz
381 2617 446 2664 'noni
455 2625 503 2665 toto
514 2616 591 2665 animo
603 2617 693 2674 servire,
724 2630 776 2676 rop-

94 2689 140 2730 -ter
147 2679 273 2742 judicium,
284 2683 331 2730 no'n
341 2626 436 2730 licelbat
460 2680 549 2730 Minati
559 2679 662 2743 ‚denique
676 2675 779 2726 divisori-

102 2777 108 2788 ι
129 2787 132 2789 .
