1828 2966
256 153 295 214 ru
313 153 462 203 urrunnu
480 153 516 202 11.
533 154 597 202 cns.
611 155 649 203 rs.
739 157 786 212 ιιιι

14 273 23 284 ”
119 281 786 348 mnu·1030e‚pmquaeswfnus‚00n01spraeusae,us

117 350 181 398 mille
191 357 296 397 sexcenta
310 348 404 411 triginta
413 347 517 411 quinque
525 347 600 396 millis
610 348 787 412 quadringentos

116 413 194 464 XVII
201 428 316 461 nummos.
325 411 571 476 ReliquiAriminiHS
577 413 787 462 sexcentsmffliw

117 479 170 526 llos
181 488 215 526 est
224 478 322 526 rationes
332 476 433 524 referre?
449 478 492 524 hoc
502 477 572 524 modo
582 487 623 524 sut
637 493 687 540 ego,
699 485 740 525 sut
750 487 785 536 tu,

116 543 234 600 Hortensi,
256 551 297 589 sut
314 541 436 606 quisquam
453 541 575 588 hominum
594 543 692 590 retulit?
720 541 786 600 Quid

115 608 158 655 hoc
168 610 221 655 est?
239 621 292 670 quse
301 605 462 669 impudentis?
478 622 531 668 quae
541 606 654 654 eudocia?
671 605 734 670 quod
745 621 786 654 ex·

113 672 227 735 emplum,
245 686 274 718 ex
284 679 319 718 tot
329 669 451 717 hominum
462 669 587 718 rationibus
602 671 687 731 relatis,
704 671 786 732 hujus-

112 737 176 784 modi
187 738 242 784 est?
267 735 314 782 Ills
324 742 402 781 temen
417 733 460 782 HS
471 744 578 782 sexcenta
591 735 673 794 millis,
689 751 742 799 quae
756 750 786 783 ne

112 801 170 848 islso
185 799 281 864 quidem
292 799 376 862 potuit,
393 798 477 861 quibus
491 797 546 846 dats
556 808 638 859 essent,
649 801 784 859 describere,

111 881 163 929 quae
174 881 198 913 se
210 863 314 912 Arimini
321 863 399 911 scribit
409 862 533 926 reliquisse,
550 877 602 926 quae
611 863 662 926 ipse
674 865 718 913 Hs
732 879 785 912 sex·

111 939 177 978 cents
187 928 263 976 millia
275 928 364 1003 relique
373 927 434 974 lscts
444 935 506 1002 sunt,
525 943 601 1003 neque
612 929 688 976 Gerbo
698 929 783 991 attigit,

112 993 785 1123 ltbdltlibd‘ffintmillffiltt

112 1124 212 1171 rstiones
220 1121 338 1180 referebat,
346 1135 480 1184 oppressum
487 1121 649 1184 direptumque
656 1130 711 1170 erse
729 1122 753 1168 N
755 1136 785 1168 on

111 1331 161 1364 rem
171 1315 273 1378 reliquos
283 1329 338 1362 esse.
364 1313 446 1361 Recita
455 1313 539 1360 denuo.
557 1315 574 1342 “
586 1313 615 1360 P.
626 1312 736 1370 Lentulo,
753 1313 784 1361 L.

110 1379 214 1439 lilerio,
225 1378 375 1442 quaesmribus
393 1377 495 1435 urbsnis,
515 1393 551 1424 res
568 1377 685 1424 rationum
704 1378 786 1426 relatu·

110 1445 190 1494 rum.”
209 1444 297 1491 Recita.
315 1441 398 1502 [ExS.
408 1442 449 1506 C.]
466 1443 501 1490 Ut
508 1441 785 1506 bocpnctorstionemre·

111 1510 169 1558 ferre
179 1508 268 1568 liceret,
284 1523 312 1556 eo
322 1507 432 1556 Sullanus
446 1514 539 1570 repente
552 1507 626 1555 iactus
636 1514 678 1564 cst,
695 1521 741 1555 non
757 1516 786 1556 ut

110 1575 184 1623 honos
196 1581 219 1620 ct
229 1572 328 1635 dignitas
337 1571 452 1620 nobilitati
461 1571 623 1620 restitueretur.
640 1571 742 1630 Quodsi
756 1572 785 1619 il.

111 1640 157 1687 linc
172 1637 249 1685 inanis
262 1636 409 1700 profugisse,
425 1643 503 1683 temen
513 1636 557 1684 ista
567 1643 608 1684 tue
617 1635 675 1698 fuge
688 1636 784 1695 nefaris,
801 1639 805 1650 ’

112 1703 213 1767 proditio
229 1700 327 1749 consulis
346 1700 381 1750 tui
399 1699 514 1758 scelernm,
528 1699 677 1761 judicarem.
704 1701 786 1750 Melus

14 1769 20 1778 '
112 1769 176 1829 civis,
194 1766 314 1828 improbus
327 1765 415 1823 consul,
433 1763 552 1812 seditiosus
568 1765 638 1812 homo
653 1763 697 1812 Cn.
709 1764 786 1812 Carbo

113 1833 165 1882 fuis
190 1830 272 1878 Fuerit
285 1829 350 1878 aliis:
363 1828 410 1876 -tibi
424 1828 517 1891 qusndo
531 1844 578 1876 esse
593 1829 678 1892 coepit?
695 1837 786 1892 postes·

113 1911 185 1960 quum
204 1894 248 1943 tibi
265 1893 396 1957 pecuniam,
415 1908 465 1940 rem
483 1892 667 1952 frumentariam,
686 1892 785 1940 rationes

112 1975 193 2008 omnes
208 1975 269 2017 suns,
286 1957 465 2020 exercitumque,
482 1958 604 2006 commisit.
625 1958 689 2004 Num
706 1956 725 2004 si
742 1956 785 2004 tibi

113 2034 181 2073 antes
191 2023 351 2086 displicuisset,
362 2022 424 2070 idem
434 2021 531 2079 fecisses,
543 2021 606 2084 quod
616 2035 676 2068 suno
684 2028 736 2083 post
746 2020 785 2068 M.

115 2089 177 2144 Piso.
201 2088 310 2146 Quaestor
325 2101 380 2134 cum
394 2085 423 2132 Ia.
442 2085 543 2148 Scipioni
557 2085 646 2134 consuli
659 2083 786 2146 obtigimet,

113 2169 160 2204 uon
178 2151 254 2215 attigit
271 2151 408 2214 pecuniam
424 2164 471 2198 non
485 2150 515 2197 etl
529 2149 654 2198 exercitum
671 2149 786 2211 profectus

113 2229 154 2268 est
172 2215 244 2278 Quod
251 2216 280 2264 de
290 2215 408 2278 republicis
415 2213 492 2273 sensit,
502 2214 536 2262 ita
543 2214 620 2272 sensit,
631 2221 659 2260 ut
666 2227 707 2260 nec
715 2213 785 2262 tidem

14 2327 16 2340 .
113 2299 189 2341 suurn,
200 2296 242 2329 nec
252 2295 342 2328 morsm
351 2280 476 2340 majorum,
487 2293 530 2326 nec
539 2277 728 2326 necessitudines
738 2293 786 2326 sor-

114 2349 143 2396 tis
163 2346 263 2394 lederet.

144 2382 203 2460 'XV-
221 2408 316 2456 Etenim
327 2407 346 2455 si
356 2407 406 2456 hnc
416 2409 549 2470 perturbare
559 2406 646 2466 omnis,
658 2415 681 2456 et
690 2407 787 2472 permis-

114 2493 164 2526 sere
172 2475 295 2529 volumus;
307 2481 378 2520 totum
386 2471 458 2520 vitem
469 2472 628 2535 periculosam,
639 2472 785 2531 invidiosam,

115 2541 277 2602 infestamque,
289 2537 425 2593 reddemusr
443 2536 462 2584 si
479 2537 569 2584 nullum
587 2536 721 2599 religionem
739 2551 787 2583 sors

113 2605 216 2662 hebebit,
233 2601 323 2650 nullum
333 2601 476 2650 smrctitutem
487 2601 618 2662 conjunctio
627 2601 732 2650 oecuudae
742 2598 786 2645 du-

114 2671 204 2735 bieque
220 2668 327 2728 lorumae,
343 2665 434 2716 nullsm
447 2665 606 2718 sucunuten
623 2679 699 2716 mores
717 2671 806 2724 atque·
