<?xml version="1.0" encoding="UTF-8"?>
<!DOCTYPE html PUBLIC "-//W3C//DTD XHTML 1.0 Transitional//EN"
    "http://www.w3.org/TR/xhtml1/DTD/xhtml1-transitional.dtd">
<html xmlns="http://www.w3.org/1999/xhtml" xml:lang="en" lang="en">
 <head>
  <title>
</title>
<meta http-equiv="Content-Type" content="text/html;charset=utf-8" />
  <meta name='ocr-system' content='tesseract 3.04.00' />
  <meta name='ocr-capabilities' content='ocr_page ocr_carea ocr_par ocr_line ocrx_word'/>
</head>
<body>
  <div class='ocr_page' id='page_1' title='image "./operaexeditioni03cicegoog_0129.png"; bbox 0 0 1828 2966; ppageno 0'>
   <div class='ocr_carea' id='block_1_1' title="bbox 145 83 731 182">
    <p class='ocr_par' dir='ltr' id='par_1_1' title="bbox 145 83 731 182">
     <span class='ocr_line' id='line_1_1' title="bbox 145 83 731 182; baseline 0.003 -4"><span class='ocrx_word' id='word_1_1' title='bbox 145 129 193 180; x_wconf 83' lang='lat' dir='ltr'>ns</span> <span class='ocrx_word' id='word_1_2' title='bbox 226 127 267 178; x_wconf 76' lang='lat' dir='ltr'>nt</span> <span class='ocrx_word' id='word_1_3' title='bbox 284 109 465 178; x_wconf 81' lang='lat' dir='ltr'>cncmrort</span> <span class='ocrx_word' id='word_1_4' title='bbox 482 83 600 178; x_wconf 74' lang='lat' dir='ltr'>121va</span> <span class='ocrx_word' id='word_1_5' title='bbox 613 126 678 176; x_wconf 67' lang='lat' dir='ltr'>ms.</span> <span class='ocrx_word' id='word_1_6' title='bbox 692 128 731 182; x_wconf 77' lang='lat' dir='ltr'>to</span> 
     </span>
    </p>
   </div>
   <div class='ocr_carea' id='block_1_2' title="bbox 144 255 822 387">
    <p class='ocr_par' dir='ltr' id='par_1_2' title="bbox 144 255 822 387">
     <span class='ocr_line' id='line_1_2' title="bbox 144 255 819 322; baseline -0.004 -15"><span class='ocrx_word' id='word_1_7' title='bbox 144 266 237 322; x_wconf 74' lang='lat' dir='ltr'>negmt,</span> <span class='ocrx_word' id='word_1_8' title='bbox 250 255 492 308; x_wconf 73' lang='lat' dir='ltr'>ermenoneudiese</span> <span class='ocrx_word' id='word_1_9' title='bbox 509 257 552 306; x_wconf 80' lang='lat' dir='ltr'>hos</span> <span class='ocrx_word' id='word_1_10' title='bbox 566 263 644 320; x_wconf 82' lang='lat' dir='ltr'>petere</span> <span class='ocrx_word' id='word_1_11' title='bbox 657 255 683 304; x_wconf 91' lang='lat' dir='ltr'>id</span> <span class='ocrx_word' id='word_1_12' title='bbox 697 256 819 320; x_wconf 79' lang='lat' dir='ltr'>mspienrr&#39;,</span> 
     </span>
     <span class='ocr_line' id='line_1_3' title="bbox 146 321 822 387; baseline -0.001 -16"><span class='ocrx_word' id='word_1_13' title='bbox 146 323 209 387; x_wconf 89' lang='lat' dir='ltr'>quod</span> <span class='ocrx_word' id='word_1_14' title='bbox 219 339 308 372; x_wconf 83' lang='lat' dir='ltr'>necesse</span> <span class='ocrx_word' id='word_1_15' title='bbox 318 331 358 370; x_wconf 87' lang='lat' dir='ltr'>est.</span> <span class='ocrx_word' id='word_1_16' title='bbox 384 321 425 370; x_wconf 90' lang='lat' dir='ltr'>Illi</span> <span class='ocrx_word' id='word_1_17' title='bbox 439 321 534 385; x_wconf 91' lang='lat' dir='ltr'>quidem</span> <span class='ocrx_word' id='word_1_18' title='bbox 549 326 587 375; x_wconf 88' lang='lat' dir='ltr'>(ut</span> <span class='ocrx_word' id='word_1_19' title='bbox 597 329 631 368; x_wconf 85' lang='lat' dir='ltr'>est</span> <span class='ocrx_word' id='word_1_20' title='bbox 641 321 765 369; x_wconf 89' lang='lat' dir='ltr'>hominum</span> <span class='ocrx_word' id='word_1_21' title='bbox 780 338 822 385; x_wconf 80' lang='lat' dir='ltr'>ge-</span> 
     </span>
    </p>
   </div>
   <div class='ocr_carea' id='block_1_3' title="bbox 86 385 825 2635">
    <p class='ocr_par' dir='ltr' id='par_1_3' title="bbox 86 385 823 695">
     <span class='ocr_line' id='line_1_4' title="bbox 86 385 823 450; baseline 0 -14"><span class='ocrx_word' id='word_1_22' title='bbox 86 436 92 445; x_wconf 72' lang='lat'>,</span> <span class='ocrx_word' id='word_1_23' title='bbox 146 403 191 436; x_wconf 88' lang='lat' dir='ltr'>nus</span> <span class='ocrx_word' id='word_1_24' title='bbox 204 388 273 436; x_wconf 82' lang='lat' dir='ltr'>nimis</span> <span class='ocrx_word' id='word_1_25' title='bbox 288 397 381 436; x_wconf 82' lang='lat' dir='ltr'>scutum</span> <span class='ocrx_word' id='word_1_26' title='bbox 397 395 420 436; x_wconf 88' lang='lat' dir='ltr'>et</span> <span class='ocrx_word' id='word_1_27' title='bbox 437 386 597 450; x_wconf 84' lang='lat' dir='ltr'>suspiciosum)</span> <span class='ocrx_word' id='word_1_28' title='bbox 608 401 655 432; x_wconf 92' lang='lat' dir='ltr'>non</span> <span class='ocrx_word' id='word_1_29' title='bbox 666 395 689 433; x_wconf 85' lang='lat' dir='ltr'>te</span> <span class='ocrx_word' id='word_1_30' title='bbox 700 385 823 436; x_wconf 72' lang='lat' dir='ltr'>exstent</span> 
     </span>
     <span class='ocr_line' id='line_1_5' title="bbox 145 451 822 514; baseline -0.009 -13"><span class='ocrx_word' id='word_1_31' title='bbox 145 453 222 500; x_wconf 77' lang='lat' dir='ltr'>literas</span> <span class='ocrx_word' id='word_1_32' title='bbox 236 453 261 500; x_wconf 93' lang='lat' dir='ltr'>in</span> <span class='ocrx_word' id='word_1_33' title='bbox 275 453 373 501; x_wconf 81' lang='lat' dir='ltr'>Verrem</span> <span class='ocrx_word' id='word_1_34' title='bbox 387 451 505 514; x_wconf 73' lang='lat' dir='ltr'>deportare</span> <span class='ocrx_word' id='word_1_35' title='bbox 522 451 581 498; x_wconf 85' lang='lat' dir='ltr'>velle</span> <span class='ocrx_word' id='word_1_36' title='bbox 597 451 754 508; x_wconf 70' lang='lat' dir='ltr'>arbitrentur,</span> <span class='ocrx_word' id='word_1_37' title='bbox 773 451 822 512; x_wconf 75' lang='lat' dir='ltr'>sed,</span> 
     </span>
     <span class='ocr_line' id='line_1_6' title="bbox 144 516 822 578; baseline -0.003 -12"><span class='ocrx_word' id='word_1_38' title='bbox 144 533 201 566; x_wconf 86' lang='lat' dir='ltr'>cum</span> <span class='ocrx_word' id='word_1_39' title='bbox 211 517 371 564; x_wconf 87' lang='lat' dir='ltr'>iisdemliteris</span> <span class='ocrx_word' id='word_1_40' title='bbox 378 516 441 562; x_wconf 90' lang='lat' dir='ltr'>illins</span> <span class='ocrx_word' id='word_1_41' title='bbox 451 523 552 578; x_wconf 82' lang='lat' dir='ltr'>praeture</span> <span class='ocrx_word' id='word_1_42' title='bbox 562 522 584 562; x_wconf 89' lang='lat' dir='ltr'>et</span> <span class='ocrx_word' id='word_1_43' title='bbox 592 523 633 562; x_wconf 84' lang='lat' dir='ltr'>tue</span> <span class='ocrx_word' id='word_1_44' title='bbox 641 525 759 578; x_wconf 81' lang='lat' dir='ltr'>quaesturn</span> <span class='ocrx_word' id='word_1_45' title='bbox 767 532 822 564; x_wconf 90' lang='lat' dir='ltr'>con-</span> 
     </span>
     <span class='ocr_line' id='line_1_7' title="bbox 146 577 819 645; baseline -0.003 -16"><span class='ocrx_word' id='word_1_46' title='bbox 146 582 236 645; x_wconf 75' lang='lat' dir='ltr'>signate</span> <span class='ocrx_word' id='word_1_47' title='bbox 245 581 284 640; x_wconf 88' lang='lat' dir='ltr'>sit,</span> <span class='ocrx_word' id='word_1_48' title='bbox 295 589 410 644; x_wconf 57' lang='lat' dir='ltr'>“norme</span> <span class='ocrx_word' id='word_1_49' title='bbox 424 588 447 628; x_wconf 89' lang='lat' dir='ltr'>te</span> <span class='ocrx_word' id='word_1_50' title='bbox 457 579 515 628; x_wconf 84' lang='lat' dir='ltr'>velle</span> <span class='ocrx_word' id='word_1_51' title='bbox 527 594 556 627; x_wconf 83' lang='lat' dir='ltr'>ex</span> <span class='ocrx_word' id='word_1_52' title='bbox 566 578 645 628; x_wconf 74' lang='lat' dir='ltr'>Sicilie</span> <span class='ocrx_word' id='word_1_53' title='bbox 654 579 732 628; x_wconf 72' lang='lat' dir='ltr'>literne</span> <span class='ocrx_word' id='word_1_54' title='bbox 743 577 819 645; x_wconf 81' lang='lat' dir='ltr'>suspi-</span> 
     </span>
     <span class='ocr_line' id='line_1_8' title="bbox 147 654 236 695; baseline -0.034 0"><span class='ocrx_word' id='word_1_55' title='bbox 147 654 236 695; x_wconf 78' lang='lat' dir='ltr'>cenem.</span> 
     </span>
    </p>

    <p class='ocr_par' dir='ltr' id='par_1_4' title="bbox 144 708 825 1786">
     <span class='ocr_line' id='line_1_9' title="bbox 178 708 823 773; baseline -0.002 -16"><span class='ocrx_word' id='word_1_56' title='bbox 178 708 270 757; x_wconf 84' lang='lat' dir='ltr'>Deinde</span> <span class='ocrx_word' id='word_1_57' title='bbox 284 717 437 757; x_wconf 74' lang='lat' dir='ltr'><strong>accusatorem</strong></span> <span class='ocrx_word' id='word_1_58' title='bbox 448 709 543 756; x_wconf 87' lang='lat' dir='ltr'>finnum</span> <span class='ocrx_word' id='word_1_59' title='bbox 553 722 680 770; x_wconf 82' lang='lat' dir='ltr'>vcmmque</span> <span class='ocrx_word' id='word_1_60' title='bbox 694 723 743 756; x_wconf 88' lang='lat' dir='ltr'>esse</span> <span class='ocrx_word' id='word_1_61' title='bbox 754 725 823 773; x_wconf 89' lang='lat' dir='ltr'>opor·</span> 
     </span>
     <span class='ocr_line' id='line_1_10' title="bbox 145 771 823 836; baseline 0.001 -15"><span class='ocrx_word' id='word_1_62' title='bbox 145 782 186 821; x_wconf 83' lang='lat' dir='ltr'>tet.</span> <span class='ocrx_word' id='word_1_63' title='bbox 214 773 279 820; x_wconf 87' lang='lat' dir='ltr'>Eum</span> <span class='ocrx_word' id='word_1_64' title='bbox 290 789 332 836; x_wconf 82' lang='lat' dir='ltr'>ego</span> <span class='ocrx_word' id='word_1_65' title='bbox 342 774 362 821; x_wconf 85' lang='lat' dir='ltr'>si</span> <span class='ocrx_word' id='word_1_66' title='bbox 372 783 395 820; x_wconf 90' lang='lat' dir='ltr'>te</span> <span class='ocrx_word' id='word_1_67' title='bbox 405 783 486 836; x_wconf 88' lang='lat' dir='ltr'>putem</span> <span class='ocrx_word' id='word_1_68' title='bbox 501 788 582 836; x_wconf 87' lang='lat' dir='ltr'>cupere</span> <span class='ocrx_word' id='word_1_69' title='bbox 597 788 654 832; x_wconf 84' lang='lat' dir='ltr'>esse,</span> <span class='ocrx_word' id='word_1_70' title='bbox 671 771 739 820; x_wconf 80' lang='lat' dir='ltr'>facile</span> <span class='ocrx_word' id='word_1_71' title='bbox 754 774 823 822; x_wconf 86' lang='lat' dir='ltr'>intei-</span> 
     </span>
     <span class='ocr_line' id='line_1_11' title="bbox 145 835 819 901; baseline -0.001 -15"><span class='ocrx_word' id='word_1_72' title='bbox 145 838 202 900; x_wconf 80' lang='lat' dir='ltr'>ligo,</span> <span class='ocrx_word' id='word_1_73' title='bbox 214 853 262 886; x_wconf 80' lang='lat' dir='ltr'>esse</span> <span class='ocrx_word' id='word_1_74' title='bbox 276 853 323 886; x_wconf 91' lang='lat' dir='ltr'>non</span> <span class='ocrx_word' id='word_1_75' title='bbox 337 854 410 901; x_wconf 85' lang='lat' dir='ltr'>posse.</span> <span class='ocrx_word' id='word_1_76' title='bbox 438 839 490 885; x_wconf 92' lang='lat' dir='ltr'>Nec</span> <span class='ocrx_word' id='word_1_77' title='bbox 506 853 533 884; x_wconf 85' lang='lat' dir='ltr'>ee</span> <span class='ocrx_word' id='word_1_78' title='bbox 545 835 605 896; x_wconf 87' lang='lat' dir='ltr'>dico,</span> <span class='ocrx_word' id='word_1_79' title='bbox 620 853 681 900; x_wconf 81' lang='lat' dir='ltr'>qnae,</span> <span class='ocrx_word' id='word_1_80' title='bbox 698 837 718 884; x_wconf 87' lang='lat' dir='ltr'>si</span> <span class='ocrx_word' id='word_1_81' title='bbox 732 838 819 898; x_wconf 77' lang='lat' dir='ltr'>dicem,</span> 
     </span>
     <span class='ocr_line' id='line_1_12' title="bbox 144 901 822 966; baseline 0.003 -16"><span class='ocrx_word' id='word_1_82' title='bbox 144 911 224 950; x_wconf 85' lang='lat' dir='ltr'>temen</span> <span class='ocrx_word' id='word_1_83' title='bbox 234 901 350 950; x_wconf 80' lang='lat' dir='ltr'>tofinnsre</span> <span class='ocrx_word' id='word_1_84' title='bbox 360 917 407 950; x_wconf 90' lang='lat' dir='ltr'>non</span> <span class='ocrx_word' id='word_1_85' title='bbox 416 902 504 966; x_wconf 87' lang='lat' dir='ltr'>possis:</span> <span class='ocrx_word' id='word_1_86' title='bbox 522 910 553 961; x_wconf 91' lang='lat' dir='ltr'>te,</span> <span class='ocrx_word' id='word_1_87' title='bbox 565 909 689 964; x_wconf 79' lang='lat' dir='ltr'>antequem</span> <span class='ocrx_word' id='word_1_88' title='bbox 701 901 730 949; x_wconf 91' lang='lat' dir='ltr'>de</span> <span class='ocrx_word' id='word_1_89' title='bbox 741 903 822 952; x_wconf 82' lang='lat' dir='ltr'>Sicilii</span> 
     </span>
     <span class='ocr_line' id='line_1_13' title="bbox 147 965 823 1030; baseline 0.004 -16"><span class='ocrx_word' id='word_1_90' title='bbox 147 966 275 1026; x_wconf 72' lang='lat' dir='ltr'>decesseris,</span> <span class='ocrx_word' id='word_1_91' title='bbox 290 967 316 1014; x_wconf 90' lang='lat' dir='ltr'>in</span> <span class='ocrx_word' id='word_1_92' title='bbox 330 967 429 1030; x_wconf 77' lang='lat' dir='ltr'>gratiam</span> <span class='ocrx_word' id='word_1_93' title='bbox 444 966 529 1013; x_wconf 83' lang='lat' dir='ltr'>redisse</span> <span class='ocrx_word' id='word_1_94' title='bbox 539 981 592 1013; x_wconf 89' lang='lat' dir='ltr'>cum</span> <span class='ocrx_word' id='word_1_95' title='bbox 603 965 691 1014; x_wconf 85' lang='lat' dir='ltr'>Verre:</span> <span class='ocrx_word' id='word_1_96' title='bbox 709 967 823 1016; x_wconf 76' lang='lat' dir='ltr'>Potamo-</span> 
     </span>
     <span class='ocr_line' id='line_1_14' title="bbox 145 1030 823 1091; baseline 0.003 -13"><span class='ocrx_word' id='word_1_97' title='bbox 145 1044 210 1090; x_wconf 88' lang='lat' dir='ltr'>nem,</span> <span class='ocrx_word' id='word_1_98' title='bbox 226 1031 323 1079; x_wconf 76' lang='lat' dir='ltr'>scribam</span> <span class='ocrx_word' id='word_1_99' title='bbox 338 1039 361 1078; x_wconf 92' lang='lat' dir='ltr'>et</span> <span class='ocrx_word' id='word_1_100' title='bbox 374 1030 512 1078; x_wconf 78' lang='lat' dir='ltr'>familiarem</span> <span class='ocrx_word' id='word_1_101' title='bbox 528 1039 605 1091; x_wconf 86' lang='lat' dir='ltr'>tuum,</span> <span class='ocrx_word' id='word_1_102' title='bbox 622 1039 738 1078; x_wconf 89' lang='lat' dir='ltr'>retentum</span> <span class='ocrx_word' id='word_1_103' title='bbox 750 1047 823 1080; x_wconf 82' lang='lat' dir='ltr'>essen</span> 
     </span>
     <span class='ocr_line' id='line_1_15' title="bbox 148 1093 824 1159; baseline 0 -15"><span class='ocrx_word' id='word_1_104' title='bbox 148 1093 220 1144; x_wconf 88' lang='lat' dir='ltr'>Verre</span> <span class='ocrx_word' id='word_1_105' title='bbox 231 1095 255 1142; x_wconf 89' lang='lat' dir='ltr'>in</span> <span class='ocrx_word' id='word_1_106' title='bbox 264 1095 389 1159; x_wconf 83' lang='lat' dir='ltr'>provincii,</span> <span class='ocrx_word' id='word_1_107' title='bbox 401 1110 454 1143; x_wconf 89' lang='lat' dir='ltr'>cum</span> <span class='ocrx_word' id='word_1_108' title='bbox 463 1103 489 1142; x_wconf 93' lang='lat' dir='ltr'>tu</span> <span class='ocrx_word' id='word_1_109' title='bbox 498 1094 629 1143; x_wconf 72' lang='lat' dir='ltr'>decederes:</span> <span class='ocrx_word' id='word_1_110' title='bbox 643 1093 680 1142; x_wconf 87' lang='grc' dir='ltr'>Μ.</span> <span class='ocrx_word' id='word_1_111' title='bbox 690 1093 824 1158; x_wconf 64' lang='lat' dir='ltr'>Caecilium&#39;,</span> 
     </span>
     <span class='ocr_line' id='line_1_16' title="bbox 146 1159 825 1222; baseline 0.003 -14"><span class='ocrx_word' id='word_1_112' title='bbox 146 1159 242 1208; x_wconf 79' lang='lat' dir='ltr'>t&#39;rotrem</span> <span class='ocrx_word' id='word_1_113' title='bbox 253 1169 329 1220; x_wconf 88' lang='lat' dir='ltr'>tunm,</span> <span class='ocrx_word' id='word_1_114' title='bbox 340 1160 490 1208; x_wconf 76' lang='lat' dir='ltr'>lectissimum</span> <span class='ocrx_word' id='word_1_115' title='bbox 502 1167 572 1222; x_wconf 78' lang='lat' dir='ltr'>etque</span> <span class='ocrx_word' id='word_1_116' title='bbox 582 1159 757 1208; x_wconf 79' lang='lat' dir='ltr'>ometissimum</span> <span class='ocrx_word' id='word_1_117' title='bbox 768 1161 825 1210; x_wconf 84' lang='lat' dir='ltr'>edo-</span> 
     </span>
     <span class='ocr_line' id='line_1_17' title="bbox 145 1223 825 1286; baseline 0.001 -13"><span class='ocrx_word' id='word_1_118' title='bbox 145 1225 278 1284; x_wconf 86' lang='lat' dir='ltr'>iesoentem‚</span> <span class='ocrx_word' id='word_1_119' title='bbox 293 1240 340 1272; x_wconf 92' lang='lat' dir='ltr'>non</span> <span class='ocrx_word' id='word_1_120' title='bbox 355 1225 424 1272; x_wconf 89' lang='lat' dir='ltr'>modo</span> <span class='ocrx_word' id='word_1_121' title='bbox 439 1223 584 1282; x_wconf 82' lang='lat' dir='ltr'>non-edesse,</span> <span class='ocrx_word' id='word_1_122' title='bbox 595 1238 670 1286; x_wconf 91' lang='lat' dir='ltr'>neque</span> <span class='ocrx_word' id='word_1_123' title='bbox 681 1230 759 1271; x_wconf 86' lang='lat' dir='ltr'>tecum</span> <span class='ocrx_word' id='word_1_124' title='bbox 772 1233 825 1274; x_wconf 76' lang='lat' dir='ltr'>tries</span> 
     </span>
     <span class='ocr_line' id='line_1_18' title="bbox 146 1287 825 1417; baseline 0.001 -15"><span class='ocrx_word' id='word_1_125' title='bbox 146 1287 637 1417; x_wconf 58' lang='lat' dir='ltr'>instantissimis</span> <span class='ocrx_word' id='word_1_126' title='bbox 645 1303 724 1400; x_wconf 60' lang='lat' dir='ltr'>‘sihi</span> <span class='ocrx_word' id='word_1_127' title='bbox 733 1289 825 1402; x_wconf 50' lang='lat' dir='ltr'>iiii</span> 
     </span>
     <span class='ocr_line' id='line_1_19' title="bbox 147 1415 825 1481; baseline 0 -13"><span class='ocrx_word' id='word_1_128' title='bbox 147 1417 194 1468; x_wconf 74' lang='lat' dir='ltr'>clia</span> <span class='ocrx_word' id='word_1_129' title='bbox 210 1419 234 1464; x_wconf 89' lang='lat' dir='ltr'>in</span> <span class='ocrx_word' id='word_1_130' title='bbox 250 1425 272 1464; x_wconf 87' lang='lat' dir='ltr'>te</span> <span class='ocrx_word' id='word_1_131' title='bbox 288 1417 341 1466; x_wconf 73' lang='lat' dir='ltr'>falsi</span> <span class='ocrx_word' id='word_1_132' title='bbox 358 1416 492 1466; x_wconf 80' lang='lat' dir='ltr'>accusatoris</span> <span class='ocrx_word' id='word_1_133' title='bbox 507 1416 572 1480; x_wconf 78' lang='lat' dir='ltr'>signe</span> <span class='ocrx_word' id='word_1_134' title='bbox 587 1415 718 1480; x_wconf 69' lang='lat' dir='ltr'>permulto,</span> <span class='ocrx_word' id='word_1_135' title='bbox 737 1418 825 1481; x_wconf 84' lang='lat' dir='ltr'>quibos</span> 
     </span>
     <span class='ocr_line' id='line_1_20' title="bbox 148 1480 787 1543; baseline 0.002 -15"><span class='ocrx_word' id='word_1_136' title='bbox 148 1497 191 1543; x_wconf 79' lang='lat' dir='ltr'>ego</span> <span class='ocrx_word' id='word_1_137' title='bbox 205 1496 268 1528; x_wconf 88' lang='lat' dir='ltr'>nunc</span> <span class='ocrx_word' id='word_1_138' title='bbox 279 1496 326 1528; x_wconf 93' lang='lat' dir='ltr'>non</span> <span class='ocrx_word' id='word_1_139' title='bbox 339 1491 406 1529; x_wconf 80' lang='lat' dir='ltr'>utorr</span> <span class='ocrx_word' id='word_1_140' title='bbox 423 1481 467 1528; x_wconf 90' lang='lat' dir='ltr'>hoc</span> <span class='ocrx_word' id='word_1_141' title='bbox 477 1481 536 1542; x_wconf 89' lang='lat' dir='ltr'>dico,</span> <span class='ocrx_word' id='word_1_142' title='bbox 548 1489 579 1541; x_wconf 87' lang='lat' dir='ltr'>te,</span> <span class='ocrx_word' id='word_1_143' title='bbox 591 1482 610 1528; x_wconf 88' lang='lat' dir='ltr'>si</span> <span class='ocrx_word' id='word_1_144' title='bbox 620 1480 722 1528; x_wconf 78' lang='lat' dir='ltr'>maxime</span> <span class='ocrx_word' id='word_1_145' title='bbox 734 1498 762 1530; x_wconf 93' lang='lat' dir='ltr'>cu</span> <span class='ocrx_word' id='word_1_146' title='bbox 782 1483 787 1493; x_wconf 93' lang='lat'>&#39;</span> 
     </span>
     <span class='ocr_line' id='line_1_21' title="bbox 148 1499 823 1608; baseline 0.006 -16"><span class='ocrx_word' id='word_1_147' title='bbox 148 1553 226 1598; x_wconf 78' lang='lat' dir='ltr'>temen</span> <span class='ocrx_word' id='word_1_148' title='bbox 245 1560 326 1593; x_wconf 83' lang='lat' dir='ltr'>verum</span> <span class='ocrx_word' id='word_1_149' title='bbox 345 1555 498 1594; x_wconf 71' lang='lat' dir='ltr'>accusatorem</span> <span class='ocrx_word' id='word_1_150' title='bbox 515 1561 562 1594; x_wconf 88' lang='lat' dir='ltr'>esse</span> <span class='ocrx_word' id='word_1_151' title='bbox 581 1560 627 1593; x_wconf 91' lang='lat' dir='ltr'>non</span> <span class='ocrx_word' id='word_1_152' title='bbox 646 1561 719 1608; x_wconf 85' lang='lat' dir='ltr'>posse.</span> <span class='ocrx_word' id='word_1_153' title='bbox 746 1499 823 1596; x_wconf 46' lang='lat' dir='ltr'>effi</span> 
     </span>
     <span class='ocr_line' id='line_1_22' title="bbox 148 1609 823 1674; baseline 0.006 -18"><span class='ocrx_word' id='word_1_154' title='bbox 148 1609 211 1657; x_wconf 91' lang='lat' dir='ltr'>enim</span> <span class='ocrx_word' id='word_1_155' title='bbox 228 1610 344 1672; x_wconf 79' lang='lat' dir='ltr'>permulto</span> <span class='ocrx_word' id='word_1_156' title='bbox 361 1624 408 1658; x_wconf 82' lang='lat' dir='ltr'>esse</span> <span class='ocrx_word' id='word_1_157' title='bbox 424 1609 529 1671; x_wconf 83' lang='lat' dir='ltr'>crimine,</span> <span class='ocrx_word' id='word_1_158' title='bbox 549 1625 649 1674; x_wconf 90' lang='lat' dir='ltr'>quorum</span> <span class='ocrx_word' id='word_1_159' title='bbox 668 1610 711 1658; x_wconf 89' lang='lat' dir='ltr'>tibi</span> <span class='ocrx_word' id='word_1_160' title='bbox 728 1612 823 1660; x_wconf 72' lang='lat' dir='ltr'>mestos</span> 
     </span>
     <span class='ocr_line' id='line_1_23' title="bbox 150 1673 825 1785; baseline 0 -61"><span class='ocrx_word' id='word_1_161' title='bbox 150 1688 205 1724; x_wconf 80' lang='lat' dir='ltr'>cum</span> <span class='ocrx_word' id='word_1_162' title='bbox 216 1673 289 1785; x_wconf 62' lang='lat' dir='ltr'>Vdm</span> <span class='ocrx_word' id='word_1_163' title='bbox 298 1675 411 1736; x_wconf 85' lang='lat' dir='ltr'>ejusmodi</span> <span class='ocrx_word' id='word_1_164' title='bbox 419 1682 461 1736; x_wconf 89' lang='lat' dir='ltr'>est,</span> <span class='ocrx_word' id='word_1_165' title='bbox 470 1683 498 1723; x_wconf 87' lang='lat' dir='ltr'>ut</span> <span class='ocrx_word' id='word_1_166' title='bbox 508 1690 535 1722; x_wconf 82' lang='lat' dir='ltr'>ee</span> <span class='ocrx_word' id='word_1_167' title='bbox 541 1674 566 1722; x_wconf 88' lang='lat' dir='ltr'>in</span> <span class='ocrx_word' id='word_1_168' title='bbox 577 1674 703 1724; x_wconf 84' lang='lat' dir='ltr'>eccusendo</span> <span class='ocrx_word' id='word_1_169' title='bbox 712 1676 825 1740; x_wconf 76' lang='lat' dir='ltr'>etnngere</span> 
     </span>
     <span class='ocr_line' id='line_1_24' title="bbox 150 1751 299 1786; baseline 0.013 -2"><span class='ocrx_word' id='word_1_170' title='bbox 150 1751 197 1784; x_wconf 90' lang='lat' dir='ltr'>non</span> <span class='ocrx_word' id='word_1_171' title='bbox 208 1753 238 1785; x_wconf 86' lang='lat' dir='ltr'>nu</span> <span class='ocrx_word' id='word_1_172' title='bbox 255 1753 299 1786; x_wconf 79' lang='lat' dir='ltr'>ees.</span> 
     </span>
    </p>

    <p class='ocr_par' dir='ltr' id='par_1_5' title="bbox 148 1801 824 2635">
     <span class='ocr_line' id='line_1_25' title="bbox 181 1801 822 1866; baseline 0.006 -17"><span class='ocrx_word' id='word_1_173' title='bbox 181 1801 214 1849; x_wconf 85' lang='lat' dir='ltr'>X.</span> <span class='ocrx_word' id='word_1_174' title='bbox 224 1803 335 1860; x_wconf 88' lang='lat' dir='ltr'>Queritnr</span> <span class='ocrx_word' id='word_1_175' title='bbox 346 1803 424 1852; x_wconf 82' lang='lat' dir='ltr'>Sicilie</span> <span class='ocrx_word' id='word_1_176' title='bbox 434 1811 490 1861; x_wconf 80' lang='lat' dir='ltr'>tots,</span> <span class='ocrx_word' id='word_1_177' title='bbox 502 1801 530 1850; x_wconf 83' lang='lat' dir='ltr'>G.</span> <span class='ocrx_word' id='word_1_178' title='bbox 539 1801 637 1852; x_wconf 87' lang='lat' dir='ltr'>Verrem</span> <span class='ocrx_word' id='word_1_179' title='bbox 648 1805 677 1852; x_wconf 83' lang='lat' dir='ltr'>cb</span> <span class='ocrx_word' id='word_1_180' title='bbox 685 1803 822 1866; x_wconf 76' lang='lat' dir='ltr'>aratoribus,</span> 
     </span>
     <span class='ocr_line' id='line_1_26' title="bbox 149 1866 823 1930; baseline 0.004 -14"><span class='ocrx_word' id='word_1_181' title='bbox 149 1882 204 1916; x_wconf 88' lang='lat' dir='ltr'>cum</span> <span class='ocrx_word' id='word_1_182' title='bbox 215 1866 359 1915; x_wconf 83' lang='lat' dir='ltr'>frumentum</span> <span class='ocrx_word' id='word_1_183' title='bbox 370 1868 413 1915; x_wconf 88' lang='lat' dir='ltr'>sibi</span> <span class='ocrx_word' id='word_1_184' title='bbox 423 1867 448 1914; x_wconf 90' lang='lat' dir='ltr'>in</span> <span class='ocrx_word' id='word_1_185' title='bbox 459 1867 541 1915; x_wconf 79' lang='lat' dir='ltr'>sellem</span> <span class='ocrx_word' id='word_1_186' title='bbox 551 1867 717 1930; x_wconf 80' lang='lat' dir='ltr'>imperavisset,</span> <span class='ocrx_word' id='word_1_187' title='bbox 734 1877 756 1916; x_wconf 90' lang='lat' dir='ltr'>et</span> <span class='ocrx_word' id='word_1_188' title='bbox 769 1885 823 1918; x_wconf 91' lang='lat' dir='ltr'>cum</span> 
     </span>
     <span class='ocr_line' id='line_1_27' title="bbox 148 1931 822 1996; baseline 0.001 -15"><span class='ocrx_word' id='word_1_189' title='bbox 148 1941 206 1981; x_wconf 83' lang='lat' dir='ltr'>esset</span> <span class='ocrx_word' id='word_1_190' title='bbox 216 1931 285 1980; x_wconf 84' lang='lat' dir='ltr'>tritici</span> <span class='ocrx_word' id='word_1_191' title='bbox 295 1932 386 1979; x_wconf 91' lang='lat' dir='ltr'>modius</span> <span class='ocrx_word' id='word_1_192' title='bbox 397 1931 440 1980; x_wconf 88' lang='lat' dir='ltr'>HS</span> <span class='ocrx_word' id='word_1_193' title='bbox 450 1933 488 1991; x_wconf 89' lang='lat' dir='ltr'>II,</span> <span class='ocrx_word' id='word_1_194' title='bbox 502 1946 545 1996; x_wconf 87' lang='lat' dir='ltr'>pro</span> <span class='ocrx_word' id='word_1_195' title='bbox 557 1931 683 1991; x_wconf 73' lang='lat' dir='ltr'>immerito,</span> <span class='ocrx_word' id='word_1_196' title='bbox 697 1932 721 1980; x_wconf 91' lang='lat' dir='ltr'>in</span> <span class='ocrx_word' id='word_1_197' title='bbox 733 1934 822 1982; x_wconf 86' lang='lat' dir='ltr'>modios</span> 
     </span>
     <span class='ocr_line' id='line_1_28' title="bbox 149 1995 823 2061; baseline 0.003 -16"><span class='ocrx_word' id='word_1_198' title='bbox 149 1997 261 2061; x_wconf 80' lang='lat' dir='ltr'>singulos,</span> <span class='ocrx_word' id='word_1_199' title='bbox 273 1995 389 2044; x_wconf 89' lang='lat' dir='ltr'>duodenos</span> <span class='ocrx_word' id='word_1_200' title='bbox 400 1995 513 2044; x_wconf 85' lang='lat' dir='ltr'>sestertios</span> <span class='ocrx_word' id='word_1_201' title='bbox 525 1996 632 2058; x_wconf 82' lang='lat' dir='ltr'>exegisse.</span> <span class='ocrx_word' id='word_1_202' title='bbox 650 1995 770 2059; x_wconf 79' lang='lat' dir='ltr'>Magnum</span> <span class='ocrx_word' id='word_1_203' title='bbox 781 1999 823 2048; x_wconf 91' lang='lat' dir='ltr'>cri-</span> 
     </span>
     <span class='ocr_line' id='line_1_29' title="bbox 150 2059 823 2125; baseline 0.003 -15"><span class='ocrx_word' id='word_1_204' title='bbox 150 2076 213 2122; x_wconf 88' lang='lat' dir='ltr'>men,</span> <span class='ocrx_word' id='word_1_205' title='bbox 225 2063 306 2125; x_wconf 84' lang='lat' dir='ltr'>ingens</span> <span class='ocrx_word' id='word_1_206' title='bbox 316 2061 422 2124; x_wconf 81' lang='lat' dir='ltr'>pecunie,</span> <span class='ocrx_word' id='word_1_207' title='bbox 433 2059 523 2106; x_wconf 80' lang='lat' dir='ltr'>furtum</span> <span class='ocrx_word' id='word_1_208' title='bbox 534 2060 665 2122; x_wconf 86' lang='lat' dir='ltr'>impudens,</span> <span class='ocrx_word' id='word_1_209' title='bbox 677 2061 764 2122; x_wconf 82' lang='lat' dir='ltr'>injurie</span> <span class='ocrx_word' id='word_1_210' title='bbox 777 2077 823 2112; x_wconf 88' lang='lat' dir='ltr'>non</span> 
     </span>
     <span class='ocr_line' id='line_1_30' title="bbox 150 2124 824 2188; baseline 0.006 -16"><span class='ocrx_word' id='word_1_211' title='bbox 150 2126 250 2174; x_wconf 65' lang='lat' dir='ltr'>ferenda</span> <span class='ocrx_word' id='word_1_212' title='bbox 270 2125 373 2188; x_wconf 79' lang='lat' dir='ltr'>Egohoc</span> <span class='ocrx_word' id='word_1_213' title='bbox 383 2139 430 2171; x_wconf 91' lang='lat' dir='ltr'>uno</span> <span class='ocrx_word' id='word_1_214' title='bbox 440 2124 609 2171; x_wconf 87' lang='lat' dir='ltr'>crimineillum</span> <span class='ocrx_word' id='word_1_215' title='bbox 616 2124 776 2186; x_wconf 85' lang='lat' dir='ltr'>condemnem,</span> <span class='ocrx_word' id='word_1_216' title='bbox 785 2141 824 2176; x_wconf 87' lang='lat' dir='ltr'>ne-</span> 
     </span>
     <span class='ocr_line' id='line_1_31' title="bbox 150 2186 823 2251; baseline 0.004 -14"><span class='ocrx_word' id='word_1_217' title='bbox 150 2205 211 2238; x_wconf 87' lang='lat' dir='ltr'>cesse</span> <span class='ocrx_word' id='word_1_218' title='bbox 219 2199 264 2237; x_wconf 82' lang='lat' dir='ltr'>est:</span> <span class='ocrx_word' id='word_1_219' title='bbox 277 2198 313 2246; x_wconf 92' lang='lat' dir='ltr'>tu,</span> <span class='ocrx_word' id='word_1_220' title='bbox 322 2188 409 2246; x_wconf 82' lang='lat' dir='ltr'>Gaeciii,</span> <span class='ocrx_word' id='word_1_221' title='bbox 418 2187 475 2251; x_wconf 89' lang='lat' dir='ltr'>quid</span> <span class='ocrx_word' id='word_1_222' title='bbox 485 2186 573 2236; x_wconf 76' lang='lat' dir='ltr'>facies?</span> <span class='ocrx_word' id='word_1_223' title='bbox 585 2189 722 2238; x_wconf 89' lang='lat' dir='ltr'>Utrumhoc</span> <span class='ocrx_word' id='word_1_224' title='bbox 733 2199 823 2240; x_wconf 74' lang='lat' dir='ltr'>tentum</span> 
     </span>
     <span class='ocr_line' id='line_1_32' title="bbox 151 2252 822 2315; baseline 0.006 -14"><span class='ocrx_word' id='word_1_225' title='bbox 151 2253 237 2301; x_wconf 88' lang='lat' dir='ltr'>crimen</span> <span class='ocrx_word' id='word_1_226' title='bbox 245 2253 411 2315; x_wconf 75' lang='lat' dir='ltr'>praetermittes,</span> <span class='ocrx_word' id='word_1_227' title='bbox 421 2267 450 2299; x_wconf 82' lang='lat' dir='ltr'>nn</span> <span class='ocrx_word' id='word_1_228' title='bbox 459 2252 570 2312; x_wconf 77' lang='lat' dir='ltr'>objicies?</span> <span class='ocrx_word' id='word_1_229' title='bbox 583 2253 608 2301; x_wconf 90' lang='lat' dir='ltr'>Si</span> <span class='ocrx_word' id='word_1_230' title='bbox 616 2253 718 2314; x_wconf 86' lang='lat' dir='ltr'>objicies,</span> <span class='ocrx_word' id='word_1_231' title='bbox 728 2255 781 2304; x_wconf 92' lang='lat' dir='ltr'>idne</span> <span class='ocrx_word' id='word_1_232' title='bbox 789 2255 822 2304; x_wconf 83' lang='lat' dir='ltr'>nl-</span> 
     </span>
     <span class='ocr_line' id='line_1_33' title="bbox 151 2315 824 2384; baseline 0.007 -21"><span class='ocrx_word' id='word_1_233' title='bbox 151 2316 371 2376; x_wconf 88' lang='lat' dir='ltr'>tericriminidnbis,</span> <span class='ocrx_word' id='word_1_234' title='bbox 379 2315 646 2380; x_wconf 85' lang='lat' dir='ltr'>quodeodemtempore,</span> <span class='ocrx_word' id='word_1_235' title='bbox 654 2318 766 2366; x_wconf 77' lang='lat' dir='ltr'>ineidem</span> <span class='ocrx_word' id='word_1_236' title='bbox 773 2335 824 2384; x_wconf 83' lang='lat' dir='ltr'>prn-</span> 
     </span>
     <span class='ocr_line' id='line_1_34' title="bbox 152 2379 822 2444; baseline 0.012 -17"><span class='ocrx_word' id='word_1_237' title='bbox 152 2379 235 2439; x_wconf 80' lang='lat' dir='ltr'>vincii,</span> <span class='ocrx_word' id='word_1_238' title='bbox 243 2387 269 2426; x_wconf 90' lang='lat' dir='ltr'>tu</span> <span class='ocrx_word' id='word_1_239' title='bbox 279 2380 327 2442; x_wconf 87' lang='lat' dir='ltr'>ipse</span> <span class='ocrx_word' id='word_1_240' title='bbox 338 2381 430 2428; x_wconf 81' lang='lat' dir='ltr'>fecisti?</span> <span class='ocrx_word' id='word_1_241' title='bbox 446 2381 552 2428; x_wconf 87' lang='lat' dir='ltr'>Audebis</span> <span class='ocrx_word' id='word_1_242' title='bbox 560 2381 593 2428; x_wconf 81' lang='lat' dir='ltr'>ita</span> <span class='ocrx_word' id='word_1_243' title='bbox 601 2397 707 2430; x_wconf 74' lang='lat' dir='ltr'>accusare</span> <span class='ocrx_word' id='word_1_244' title='bbox 718 2381 822 2444; x_wconf 78' lang='lat' dir='ltr'>alterum,</span> 
     </span>
     <span class='ocr_line' id='line_1_35' title="bbox 150 2444 822 2511; baseline 0.012 -21"><span class='ocrx_word' id='word_1_245' title='bbox 150 2451 186 2499; x_wconf 85' lang='lat' dir='ltr'>ut,</span> <span class='ocrx_word' id='word_1_246' title='bbox 198 2444 322 2506; x_wconf 84' lang='lat' dir='ltr'>quominus</span> <span class='ocrx_word' id='word_1_247' title='bbox 332 2453 381 2491; x_wconf 89' lang='lat' dir='ltr'>tute</span> <span class='ocrx_word' id='word_1_248' title='bbox 392 2445 551 2504; x_wconf 87' lang='lat' dir='ltr'>condemnere,</span> <span class='ocrx_word' id='word_1_249' title='bbox 563 2461 666 2493; x_wconf 72' lang='lat' dir='ltr'>recusare</span> <span class='ocrx_word' id='word_1_250' title='bbox 676 2462 723 2494; x_wconf 91' lang='lat' dir='ltr'>non</span> <span class='ocrx_word' id='word_1_251' title='bbox 734 2449 822 2511; x_wconf 77' lang='lat' dir='ltr'>possis?</span> 
     </span>
     <span class='ocr_line' id='line_1_36' title="bbox 153 2507 823 2578; baseline 0.01 -25"><span class='ocrx_word' id='word_1_252' title='bbox 153 2507 196 2553; x_wconf 84' lang='lat' dir='ltr'>Sin</span> <span class='ocrx_word' id='word_1_253' title='bbox 205 2507 379 2570; x_wconf 65' lang='lat' dir='ltr'>pretermittere</span> <span class='ocrx_word' id='word_1_254' title='bbox 396 2509 471 2572; x_wconf 78' lang='lat' dir='ltr'>qualis</span> <span class='ocrx_word' id='word_1_255' title='bbox 482 2509 525 2556; x_wconf 88' lang='lat' dir='ltr'>erit</span> <span class='ocrx_word' id='word_1_256' title='bbox 534 2509 579 2556; x_wconf 77' lang='lat' dir='ltr'>ista</span> <span class='ocrx_word' id='word_1_257' title='bbox 586 2517 627 2558; x_wconf 85' lang='lat' dir='ltr'>tun</span> <span class='ocrx_word' id='word_1_258' title='bbox 635 2513 756 2570; x_wconf 75' lang='lat' dir='ltr'>accusatio,</span> <span class='ocrx_word' id='word_1_259' title='bbox 765 2530 823 2578; x_wconf 81' lang='lat' dir='ltr'>quae,</span> 
     </span>
     <span class='ocr_line' id='line_1_37' title="bbox 150 2569 823 2635; baseline 0.009 -17"><span class='ocrx_word' id='word_1_260' title='bbox 150 2569 270 2619; x_wconf 83' lang='lat' dir='ltr'>domestici</span> <span class='ocrx_word' id='word_1_261' title='bbox 277 2571 373 2635; x_wconf 81' lang='lat' dir='ltr'>periculi</span> <span class='ocrx_word' id='word_1_262' title='bbox 379 2581 453 2626; x_wconf 72' lang='lat' dir='ltr'>metu,</span> <span class='ocrx_word' id='word_1_263' title='bbox 462 2572 581 2622; x_wconf 88' lang='lat' dir='ltr'>certissimi</span> <span class='ocrx_word' id='word_1_264' title='bbox 589 2583 612 2622; x_wconf 91' lang='lat' dir='ltr'>et</span> <span class='ocrx_word' id='word_1_265' title='bbox 619 2576 718 2624; x_wconf 75' lang='lat' dir='ltr'>maximi</span> <span class='ocrx_word' id='word_1_266' title='bbox 726 2577 823 2629; x_wconf 70' lang='lat' dir='ltr'>criminis</span> 
     </span>
    </p>
   </div>
   <div class='ocr_carea' id='block_1_4' title="bbox 0 0 921 2966">
    <p class='ocr_par' dir='ltr' id='par_1_6' title="bbox 0 0 921 2966">
     <span class='ocr_line' id='line_1_38' title="bbox 0 0 921 2966; baseline 0 0"><span class='ocrx_word' id='word_1_267' title='bbox 0 0 921 2966; x_wconf 95' lang='lat' dir='ltr'> </span> 
     </span>
    </p>
   </div>
  </div>
 </body>
</html>
