1820 2958
141 201 192 258 roo
278 199 318 250 m
334 197 483 250 vunrsrr
500 198 536 250 11.
554 198 677 264 oinos.-

138 328 255 390 sententiis
266 327 426 388 Philodamus,
438 334 461 378 et
475 329 524 390 ejus
539 327 607 379 filiun.
630 327 715 389 Adest,
728 328 820 390 instat„

138 406 206 460 urget
216 395 346 452 Dolabella,
362 403 390 441 ut
404 394 578 457 quamprimum
593 393 666 442 securi
680 393 809 452 ferientum

139 477 186 524 quo
203 474 275 522 quem
291 458 388 508 minime
405 457 474 506 multi
491 474 520 505 ex
538 457 583 505 illis
599 457 628 505 de
643 457 709 506 istius
723 457 814 506 neferio

138 526 221 574 scelere
231 523 310 572 eudire
319 530 418 584 possent.
435 521 588 570 Constituitur
598 521 623 568 in
631 521 680 570 foro
689 521 812 570 modicae

138 589 293 653 spectaculum
314 587 430 646 acerbum,
453 595 476 634 et
496 586 616 646 miserum,
636 594 659 633 et
680 601 750 650 grave
768 584 812 635 toti

137 654 202 702 Asiae
218 651 354 715 provinoiaet
375 649 468 713 grandis
484 660 540 698 natu
555 666 637 716 parens
652 649 765 698 adductus
780 649 811 698 ed

137 716 292 780 supplicium
310 730 339 764 ex
350 715 421 763 elteri
431 724 496 777 parte
507 715 583 772 filius;
600 714 647 773 ille,
662 714 726 778 quod
740 713 811 778 pudi-

136 781 214 832 citiam
228 780 362 840 liberorum,
377 779 424 836 hio,
435 778 498 842 quod
508 780 577 828 vitem
592 779 663 842 patris
673 779 810 847 famamque

135 845 225 905 sororis,
236 843 374 894 defenderat
392 843 475 892 Flebat
485 851 589 908 uterque,
601 857 646 892 uon
658 843 687 890 de
698 859 741 891 suo
752 859 808 908 sup-

152 910 212 968 licio,
232 908 271 956 sod
290 916 354 971 pater
375 908 404 955 de
424 906 467 956 filii
485 917 568 967 morte,
587 907 616 956 de
634 908 715 972 panis,
735 907 806 957 iilius.

134 927 200 1034 guid
215 974 370 1036 laerymarum
388 972 466 1036 ipsum
484 973 603 1020 Neronem
619 972 706 1036 putetis
724 972 807 1038 profu-

134 1039 213 1094 disse?
230 1052 300 1100 quem
315 1035 397 1084 fletum
411 1035 481 1084 totius
493 1036 558 1084 Asiae
568 1036 657 1084 fuisse?
674 1051 745 1102 quem
756 1037 808 1086 lun

133 1111 185 1152 tum
202 1110 226 1150 et
235 1101 348 1165 gemitum
363 1101 593 1164 Lampsacenorum?
610 1099 683 1149 securi
694 1117 743 1150 esse
753 1117 806 1164 per-

132 1184 209 1232 eussos
227 1165 332 1214 homines
352 1164 491 1225 innoeentes,
513 1165 609 1224 nohsses,
631 1165 703 1216 socios
723 1165 811 1230 populi·

132 1231 235 1293 Romani
245 1240 315 1296 etque
323 1229 416 1288 amisos,
425 1238 517 1294 propter
524 1229 624 1278 hominis
632 1229 806 1293 llsgitios'assimi

132 1297 272 1360 singularem
287 1294 414 1359 nequitiem
428 1303 498 1358 atque
509 1294 704 1359 improbissimam
714 1293 806 1360 eupidi-

132 1363 224 1410 tatem?

163 1425 221 1472 lam
230 1424 289 1484 jam,
300 1403 431 1482 Dolabella,
443 1437 518 1488 neque
530 1421 593 1488 [me]
606 1422 651 1482 tui,
664 1438 741 1488 neque
752 1431 808 1474 tuo«
901 1469 902 1473 ,

129 1503 183 1538 rum
197 1487 304 1545 liberum,
321 1502 379 1550 quos
393 1496 420 1535 tu
434 1487 527 1536 miseros
542 1489 566 1536 in
581 1495 680 1552 egestate
693 1497 765 1553 atque
778 1489 804 1538 in
900 1523 901 1537 r

129 1551 252 1602 solitudine
268 1551 388 1613 reliquisti,
406 1551 508 1600 misereri
525 1560 605 1616 potest.
629 1552 744 1604 Verresne
760 1553 805 1602 tibi
899 1585 900 1601 r

128 1616 187 1668 tanti
200 1614 254 1673 fuit,
270 1623 297 1663 ut
312 1616 361 1675 ejus
375 1613 496 1664 libidinem
508 1615 631 1668 hominum
643 1617 803 1668 innooentium

127 1679 239 1744 sanguine
249 1678 284 1728 lui
294 1679 383 1728 velles?
403 1679 521 1728 ldoiroone
531 1681 657 1730 exeroimm
668 1690 739 1746 etque
749 1681 803 1732 hos·

128 1753 177 1794 tem
190 1744 342 1807 relinquebas,
358 1752 386 1791 ut
400 1743 442 1792 tui
458 1745 481 1791 ri
495 1754 518 1793 et
531 1745 664 1794 crudelitate
678 1745 745 1794 istius
759 1747 803 1796 ho-
896 1789 897 1793 ,

127 1809 196 1861 minis
207 1807 370 1872 improbissimi
380 1808 481 1872 perit-ule
491 1807 638 1858 sublevares?
654 1809 727 1868 Quod
738 1810 802 1860 enirn

127 1887 182 1924 eum
193 1872 235 1922 tibi
246 1871 364 1936 questoris
373 1871 398 1920 in
408 1871 486 1920 locum
496 1873 652 1932 eonstitueres,
663 1871 748 1923 ideireo
756 1876 801 1924 tibi
894 1873 895 1876 ’

126 1937 264 1990 aruinum'm
276 1946 414 2000 perpetuum
428 1935 476 1985 lore
490 1937 596 2000 putisti?
620 1937 754 2000 Nesciebas,
769 1941 802 1988 ab
893 1965 894 1986 r

127 1993 212 2053 eoCn.
224 2001 355 2049 Carbonem
369 1999 494 2060 consulem,
511 2003 577 2064 cujus
590 2018 615 2050 re
630 2001 683 2050 veri
697 2013 799 2068 questos

124 2067 178 2128 fuit,
190 2081 237 2116 non
247 2065 317 2113 modo
327 2057 492 2124 relietum‚sed
507 2065 576 2114 etiam
591 2067 715 2132 spoliatum
729 2069 798 2116 auxi.
891 2079 892 2110 r

123 2129 798 2205 limlpeeunii1nelsrieoppugnatumetproditumsslx.
889 2159 891 2198 ,¹

123 2194 797 2260 pertusigitrrresistrrrsperiidrern¹tsun,mmsead

122 2257 411 2316 inimioostuosoontulit3
429 2258 798 2324 cumintehomoipsenoeens

120 2323 259 2376 acerrimum
269 2322 426 2372 testimouium
436 2319 512 2380 dixit3
525 2338 579 2371 cum
587 2323 686 2372 rationes
695 2323 727 2372 ed
737 2339 797 2377 ma,

121 2388 192 2442 uum,
204 2386 247 2433 nisi
258 2385 366 2434 damnato
377 2393 408 2446 te,
419 2385 503 2435 referre
512 2387 595 2436 noluit

152 2447 250 2496 XXXI·
265 2445 378 2510 Tantaene
389 2458 443 2510 tuae,
452 2449 547 2510 Verres,
558 2451 665 2502 libidines
676 2461 753 2512 erunt,
765 2462 796 2504 ut

119 2529 157 2566 ees
164 2526 244 2573 oepere
251 2527 277 2560 ao
286 2511 396 2562 sustinere
404 2529 451 2561 non
459 2515 581 2578 provineiae
588 2515 670 2580 populi
679 2517 793 2580 Romeni,

115 2591 163 2634 non
174 2575 275 2622 notiones
288 2584 371 2624 exterae
385 2577 492 2640 possint?
516 2579 593 2640 Tune,
616 2579 679 2644 quod
696 2581 794 2642 videris,

115 2638 178 2704 quod
191 2637 298 2696 audieris,
310 2639 373 2701 quod
383 2641 532 2752 concupieris,
541 2643 605 2718 quod
615 2643 730 2719 coguitis,
742 2645 791 2695 nisi

114 2701 179 2760 idad
188 2709 274 2750 nutum
280 2708 349 2750 tuum
356 2712 439 2768 presto
459 2706 527 2768 uerit,
538 2706 582 2756 ursi
589 2707 681 2758 lrbidrru
689 2716 738 2760 tuae
743 2725 787 2762 eu·
