1828 2966
147 379 150 388 ¹
218 427 261 491 m
282 426 493 488 cAEGILfflM
511 425 739 486 DIVINATIO.

146 557 154 582 ‘
177 565 198 612 I.
216 565 245 612 Sr
262 564 314 627 quis
326 565 434 622 vestrum,
444 562 540 624 judiees,
557 571 598 610 aut
615 578 695 611 eorum
713 561 756 626 qui
772 561 814 610 ed·

145 637 207 687 sunt,
218 628 276 676 forte
287 628 391 688 miratur,
400 643 446 685 me,
454 627 495 691 qui
505 637 539 675 tot
549 641 620 674 annos
631 627 656 674 in
667 627 741 675 musis
750 627 814 688 judi-

145 693 231 756 ciisque
240 693 338 755 publicis
347 692 380 740 its
388 692 432 740 sim
442 701 552 752 versatus,
564 700 591 738 ut
598 691 740 739 defenderim
751 692 813 738 mul-

147 765 191 814 toe,
208 756 305 804 leserim
321 757 446 815 neminem,
458 757 533 804 subito
547 771 610 804 nune
625 756 716 804 mutati
732 756 816 804 volun·

144 829 199 880 tate,
218 821 247 867 sd
257 821 411 869 mcussndmn
421 820 571 877 descendere:
588 821 647 878 is,si
661 820 709 868 mei
724 821 824 874 consilii-

144 899 237 932 causem
248 885 404 948 rationemque
418 885 556 947 cognoverit,
567 885 616 932 uni:
627 893 649 932 et
656 885 689 942 id,
702 885 767 947 quod
779 885 814 932 fa·

144 949 187 1008 oio,
200 949 313 1013 probabit,
325 957 347 996 et
357 950 382 996 in
392 950 435 997 hac
445 950 514 996 causi:
523 948 749 1012 profectoneminem
755 966 815 1015 pro·

144 1013 278 1077 ponendum
288 1029 335 1062 esse
346 1014 405 1061 mihi
412 1021 510 1061 actorem
521 1014 619 1076 putabit.

176 1078 238 1126 Cum
249 1087 347 1142 quaestor
357 1079 382 1126 in
399 1078 476 1125 Sicine
490 1077 595 1135 fuissem,
607 1077 705 1139 judiees,
721 1078 814 1144 ita-qne

145 1158 175 1191 ex
191 1143 218 1190 ei
228 1143 345 1208 provinciis
356 1143 506 1201 desessissem,
518 1150 545 1189 ut
556 1143 638 1190 Siculis
652 1143 762 1192 omnibus
775 1146 815 1205 ju.

145 1207 246 1256 eundm:
256 1208 436 1270 diuturnamque
451 1206 586 1254 mononem
601 1216 723 1270 quaesturae
738 1209 815 1256 nomi·

145 1272 227 1336 nisque
233 1272 280 1320 mei
289 1273 457 1335 relinquerem:
473 1271 560 1318 lectum
572 1280 614 1331 est,
625 1272 668 1331 uti,
683 1287 738 1319 oum
750 1289 816 1322 sum-

144 1351 212 1384 mum
229 1337 254 1383 in
273 1337 386 1384 veteribus
396 1335 497 1398 petronis
511 1335 600 1395 multis,
611 1344 663 1383 tum
673 1337 815 1386 nonnullum

144 1400 214 1447 etism
231 1400 256 1446 in
273 1415 319 1459 me,
337 1399 469 1462 presidium
484 1398 530 1447 siris
548 1399 646 1448 fornmis
663 1401 815 1450 eonstitumm

145 1477 192 1510 esse
203 1463 372 1510 arbitrarentur.
398 1464 447 1521 Qui
458 1463 634 1526 nunc'populsti
644 1473 714 1528 etque
727 1466 814 1527 veneti,

143 1526 220 1574 ormoti
231 1526 260 1574 sd
268 1541 306 1574 me
322 1527 413 1589 publice
423 1543 483 1590 saepe
493 1538 611 1588 venerunt,
623 1537 651 1576 ut
661 1544 756 1577 murum
766 1529 814 1578 for-

142 1599 251 1638 tunarum
271 1590 377 1638 omnium
391 1607 484 1656 oensem
500 1591 700 1656 defensionemque
713 1593 814 1657 suscipe-

142 1669 207 1702 rem:
224 1669 262 1702 me
273 1671 332 1718 eaepe
342 1671 389 1703 esse
399 1655 537 1719 pollicitum,
554 1673 614 1720 saepe
628 1657 760 1717 ostendisse,
777 1659 815 1706 di-

142 1720 232 1780 cebant,
249 1719 342 1783 siquod
352 1728 444 1783 tempus
459 1719 583 1779 recidisset,
595 1737 642 1784 quo
653 1729 756 1785 tempore
770 1723 815 1770 eli-

107 1839 110 1845 .
142 1783 200 1846 quid
211 1800 225 1831 s
234 1799 273 1832 me
287 1783 435 1848 requirerent,
448 1785 574 1832 commodis
580 1801 660 1833 eorum
670 1801 709 1834 me
716 1801 763 1836 uon
772 1787 814 1835 de·

140 1847 255 1897 futurum.
271 1848 368 1897 Venisse
381 1857 473 1912 tempus
486 1849 584 1909 aiebant,
596 1865 643 1897 non
651 1851 702 1911 jem
710 1857 738 1897 ut
748 1865 814 1899 oom-

141 1913 211 1962 moda
222 1929 271 1973 sus,
284 1913 323 1961 sed
331 1921 359 1960 ut
366 1914 437 1961 vitem
448 1913 591 1977 salutemque
599 1915 669 1962 totius
679 1914 812 1978 provincie,

142 1976 301 2026 defenderem:
319 1993 366 2025 sese
377 1979 427 2039 jem
437 1992 467 2025 ne
481 1977 544 2025 Deos
551 1977 646 2042 quidem
656 1979 681 2025 in
689 1979 736 2026 suis
747 1981 812 2028 urbi-

139 2041 192 2101 bus,
204 2041 234 2089 ed
244 2041 467 2105 quosoonfugerent,
484 2042 584 2099 hsbere;
602 2043 665 2105 quod
682 2059 763 2091 eorum
779 2061 812 2092 ι·

139 2106 243 2154 mulene
256 2106 397 2154 sanctissime
408 2106 435 2154 C.
447 2105 530 2154 Verres
537 2122 566 2154 ex
577 2107 678 2154 delubris
685 2107 811 2170 religiosis-

140 2169 204 2217 simis
215 2170 348 2218 sustulisset
372 2169 438 2229 Ques
448 2185 484 2217 res
493 2169 597 2218 luxuries
607 2171 632 2217 in
642 2170 744 2234 flegidis,
756 2187 811 2220 cro.

139 2233 219 2280 delites
235 2233 260 2280 in
271 2233 396 2298 suppliciis,
410 2234 504 2282 avaritia
514 2233 539 2280 in
549 2235 643 2298 rupinis,
660 2236 767 2298 superbis
783 2237 810 2284 in

92 2341 95 2346 .
138 2297 291 2357 oonmmeliis,
300 2297 387 2346 efficere
397 2299 515 2361 potuisset,
523 2314 699 2348 ensomnessese
707 2300 751 2347 hoe
761 2315 811 2349 uno

136 2368 233 2435 pretore
246 2376 288 2423 per
303 2362 428 2410 triennium
443 2363 581 2426 pertulisse:
599 2379 680 2426 rogare
696 2373 719 2411 et
734 2380 810 2426 orere,

136 2439 166 2472 ne
179 2423 230 2472 illos
245 2426 357 2488 supplices
374 2427 528 2490 edspernorer,
550 2443 616 2490 quos,
632 2443 671 2475 me
686 2427 809 2492 inoolumi,

135 2488 225 2536 nemini
236 2490 349 2553 supplices
359 2505 407 2538 esee
418 2499 537 2553 oporteret.

166 2552 202 2599 11.
219 2553 277 2600 Tuli
292 2553 391 2616 graviter
405 2563 429 2601 et
443 2551 530 2614 acerbe,
544 2554 641 2618 judiees,
652 2554 678 2604 in
694 2572 749 2605 eum
766 2572 808 2610 me

136 2617 215 2668 loom
225 2617 360 2680 musenim,
376 2626 404 2666 u:
414 2627 455 2670 au:
467 2633 506 2669 eos
520 2618 625 2672 hommes
640 2635 691 2686 spe:
706 2621 808 2688 tulerer,
