1828 2966
129 121 178 172 sss
274 121 315 173 ru
331 121 481 190 vesunu
497 123 537 174 11.»
551 123 651 174 oisc.
696 181 701 190 ¹

125 248 198 314 plexu
208 259 330 314 parentum
341 256 446 316 abreptos
456 253 516 302 filios
526 253 557 300 ad
568 267 649 300 necem
658 249 762 310 duceret,
777 257 816 302 et.

126 325 231 378 parentes
252 317 352 380 pretium
373 333 414 380 pro
434 317 551 380 sepulturis
569 317 668 366 liberbm
686 325 802 380 posceret

126 379 259 442 Religiones
278 398 330 429 vero
351 382 531 445 caerimoniaeque
552 381 658 429 omnium
679 395 802 428 sacrorum

126 441 284 508 fanorumque*
300 446 398 503 violate,
420 446 587 509 simulacraque
608 445 724 504 Deorum,
743 461 804 508 quar

125 521 172 554 non
183 509 253 556 modo
264 525 292 558 ex
303 511 350 558 suis
360 511 452 573 templis
463 511 540 558 ablate
551 519 612 570 sunt,
625 508 665 558 sed
676 509 746 556 etiam
759 510 801 570 jaff

126 581 177 619 cent
188 573 212 618 in
223 573 330 632 tenebris,
341 576 371 622 ab
382 574 425 621 isto
436 584 524 622 retrusa
533 583 603 638 atque
613 573 700 632 abdita,
712 573 802 620 consis-

126 643 174 682 tere
191 636 241 697 ejtis
258 637 363 686 animum
382 639 431 688 sine
449 639 526 686 furore
543 647 612 702 atque
631 637 732 686 ementiri
749 651 804 706 nou⁴

128 699 214 747 sinunt.

159 764 243 826 Neque
253 764 295 813 iste
303 766 362 814 mihi
373 767 462 814 videtur
471 785 494 816 se
501 767 710 822 addemnationem
716 766 800 814 offerre

126 827 210 886 solum,
227 844 301 892 neque
317 831 360 878 hoo
377 831 476 878 sveritiae
491 831 603 895 supplicio
616 831 744 889 communi,
755 831 800 894 qui

125 906 149 938 se
160 899 194 938 tot
206 893 326 942 sceleribus
337 895 492 954 obstrinxerit,
506 905 625 943 contentus
636 911 698 946 esse:
716 895 800 958 singu-

124 955 195 1002 lsrer'n
213 957 339 1020 quemdem
354 974 447 1022 poensrn
463 960 528 1008 istius
543 959 651 1006 irrrmsnis
665 969 736 1022 etque
751 959 799 1006 im-

124 1029 224 1082 portuna
238 1031 320 1069 ustura
330 1022 448 1072 desiderat.
475 1025 530 1072 Non
545 1024 569 1070 id
583 1024 658 1082 solum
674 1024 796 1087 queritur,

124 1093 159 1142 ut,
171 1085 214 1132 isto
225 1086 342 1144 damnato,
353 1089 414 1134 bona
425 1087 572 1136 restituantur
582 1088 611 1135 iis
619 1088 707 1150 quibus
718 1098 798 1150 erepta

125 1158 193 1206 suntr
212 1151 251 1198 sed
266 1160 288 1199 et
303 1151 421 1214 religiones
432 1151 537 1200 Deorum
550 1153 719 1200 immortalium
730 1152 797 1216 expi-

124 1213 199 1272 anda,
208 1225 231 1263 et
237 1215 322 1264 civium
328 1217 487 1264 Romanorum
494 1217 614 1277 cruciatus,
619 1217 798 1282 multorumque

123 1277 280 1328 innocentium
287 1281 379 1344 sanguis
387 1281 453 1328 istius
459 1281 570 1344 supplicio
576 1280 676 1328 luendus
684 1289 725 1328 est
738 1281 798 1340 Non

124 1343 186 1390 enim
196 1345 281 1403 furem,
293 1345 333 1392 sed
344 1354 485 1408 ereptorem
501 1361 547 1394 non
556 1345 696 1404 adulterum,
706 1345 746 1392 sed
754 1361 796 1394 ex·

123 1416 274 1468 pugnatorem
286 1410 416 1472 pudicitiae:
433 1425 480 1457 non
491 1409 635 1472 sacrilegum,
649 1409 689 1458 sed
704 1409 796 1470 hostem

123 1485 240 1518 sacrorum
250 1473 449 1548 religionumque3
466 1489 512 1522 non
528 1474 643 1534 sicarium,
659 1471 699 1522 sed
713 1470 800 1536 crude-J

122 1533 236 1581 lissimurn
248 1536 376 1585 carnificem
387 1539 472 1602 civium
481 1538 648 1601 sociorumque,
656 1537 680 1585 in
692 1548 796 1588 vestrum

120 1597 236 1658 judicium
247 1600 401 1658 adduximus3
419 1611 447 1650 ut
461 1618 509 1665 ego,
517 1603 580 1650 hunc
594 1618 668 1650 unum
680 1603 798 1668 ejusmodi,

123 1676 190 1708 reum
200 1672 252 1725 post
266 1663 388 1726 hominum
403 1666 539 1728 memoriam
553 1667 623 1716 fuisse
637 1667 741 1726 urbicrer,
756 1667 797 1727 cui

123 1725 229 1774 damnari
240 1729 365 1791 expediret.

155 1790 201 1838 IV.
222 1793 350 1856 Numquis
364 1795 408 1843 hoc
418 1811 466 1844 non
476 1795 593 1860 intelligit,
609 1795 689 1858 istum,
701 1797 795 1845 absolu-

122 1862 183 1914 tum,
195 1856 248 1904 Diis
258 1858 437 1924 hominibusque
449 1861 535 1920 invitis,
547 1871 625 1908 tamen
640 1877 670 1909 ex
685 1861 801 1914 manibus,

121 1921 204 1984 populi
220 1922 321 1970 Romani
335 1924 392 1986 eripi
407 1925 555 1974 nullomodo
569 1929 654 1988 posse?
672 1926 733 1985 Quis
749 1926 795 1976 boo

121 1999 169 2032 non
180 1987 294 2050 perspicit,
306 1989 413 2050 preeclure
424 1989 543 2036 nobiscum
555 1999 632 2038 sctum
643 1990 707 2050 iri‚si
717 1991 799 2053 popu-'

121 2048 158 2096 lus
170 2049 291 2098 Romanus
302 2051 367 2100 istius
375 2053 444 2100 unius
455 2054 567 2117 supplicio
575 2062 695 2101 contentus
704 2054 793 2112 fuerin

121 2129 148 2160 sc
158 2129 205 2161 non
216 2115 248 2163 sic
259 2117 371 2176 statuerit,
386 2131 433 2164 non
447 2117 519 2164 istum
533 2120 611 2179 majus
624 2118 649 2164 in
660 2133 707 2165 sese
718 2119 794 2169 scelus

120 2179 256 2241 concepisse,
268 2196 322 2227 curn
333 2181 387 2228 fans
401 2181 512 2243 spoliiuit,
527 2197 581 2230 curn
596 2191 630 2229 tot
640 2181 745 2230 homines
756 2183 795 2246 in.

120 2251 227 2289 nocentes
237 2243 330 2303 necirit,
338 2261 391 2292 curn
398 2245 457 2293 cives
464 2246 670 2304 Romanosmorte,
678 2247 792 2309 cruciatu,

99 2343 105 2356 ,
120 2319 186 2351 cruce
194 2305 308 2364 affecerit;
326 2325 380 2356 curn
390 2309 525 2372 praedonum
534 2309 610 2368 duces,
620 2309 712 2373 arrepti
720 2327 793 2373 pecu·

119 2365 166 2425 nit,
178 2368 304 2427 dimiserit3
322 2388 393 2434 quarn
409 2389 455 2431 eos,
471 2374 542 2436 siqui
556 2373 636 2434 istum,
652 2383 694 2437 tot,
710 2376 791 2436 tantis,

119 2440 168 2478 tarn
187 2432 279 2481 nefariis
294 2437 416 2484 sceleribus
431 2450 572 2502 coopertum,
588 2438 661 2500 jurati
676 2439 795 2488 sententie

121 2493 162 2542 sud
172 2495 308 2544 liberarint?
388 2511 393 2520 ¹

152 2557 208 2604 Non
219 2567 261 2616 est,
272 2576 319 2609 non
330 2572 364 2628 est
374 2565 399 2611 in
409 2564 453 2613 hoc
463 2565 557 2614 homine
565 2566 673 2630 cuiquam
681 2567 799 2635 peccandi

118 2621 190 2682 locus,
200 2621 303 2682 judices:
321 2642 368 2676 nou
379 2627 450 2692 isest
457 2645 518 2696 reus,
532 2647 580 2682 non
590 2631 615 2680 id
630 2641 731 2695 tempus,
743 2646 798 2702 nou¹
