1824 2956
143 191 193 240 296
288 185 327 236 ΙΝ
343 185 492 236 VERREM
509 185 556 235 1v.
573 185 637 234 Cn.
647 187 672 234 9.

142 316 251 366 omnibus
260 315 367 364 custodiis
372 315 501 376 subjectum
508 323 620 362 aratorem
628 314 756 362 decumano
765 321 814 362 trau

141 378 185 439 dit,
197 389 232 440 ut,
243 380 352 444 usquein
363 378 484 441 segetibus,
496 379 606 442 usquein
617 378 683 436 areis,
694 393 710 424 n
741 394 772 426 ue
787 379 812 426 in

141 446 236 506 horreis,
247 460 322 509 neque
329 444 352 490 in
361 443 608 507 amovendo,nequein
615 452 722 506 asportan
739 442 812 490 ofru.

141 519 229 568 mento,
240 523 311 572 grano
322 523 368 556 uno
378 507 449 570 possit
461 516 544 565 arator,
555 507 604 556 sine
618 505 723 554 maximi
733 507 813 569 poend,

141 573 247 622 fraudere
257 573 418 619 decumanum.
436 571 525 634 Scripta
537 572 576 619 lex
590 571 623 618 ita
633 571 755 634 diligenter
769 580 812 633 est,

141 647 168 685 ut
183 653 237 684 eum
250 636 363 698 scripsisse
380 644 497 698 appareat,
512 635 554 698 qui
569 635 615 684 elia
630 634 752 697 vectigalia
764 651 811 684 non

141 701 251 757 hsbsrot3
268 700 301 746 ita
316 708 390 758 acute,
406 707 433 746 ut
446 699 568 756 Siculum
585 699 619 746 ita
633 714 718 757 severe,
734 708 763 746 ut
775 708 812 762 ty·

141 779 256 820 nannum,
274 764 322 827 qud
339 764 390 826 lage
407 763 491 811 Siculis
504 773 582 811 tamen
600 779 664 811 arere
677 763 811 826 expedirete

141 844 197 878 nam
207 828 240 878 ita
250 828 369 890 diligenter
380 827 503 876 constituta
512 839 566 876 sunt
575 829 629 889 jura
635 827 775 886 decumano,
786 835 813 876 ut

140 900 219 1005 ᾔει
228 894 258 941 ab
268 892 341 940 invito
355 899 443 940 aratore
456 892 510 955 plus
520 890 617 940 deoumd
626 906 674 939 non
687 892 761 955 possit
771 907 813 940 au·

173 1021 236 1070 Cum
246 1021 296 1068 hnc
305 1028 380 1069 essent
389 1019 422 1068 ita
432 1020 563 1080 constituta,
569 1021 653 1068 Verres
660 1027 694 1067 tot
701 1019 771 1068 annis
779 1029 814 1070 at·

141 1101 187 1149 que
197 1086 254 1134 adeo
265 1085 352 1134 suculis
362 1084 469 1132 inventus
480 1093 521 1144 est,
533 1084 575 1147 qui
585 1084 634 1132 hac
644 1099 692 1131 non
707 1099 814 1132 commu·

82 1155 88 1164 “
142 1159 208 1210 taret,
220 1149 260 1198 sed
270 1157 393 1205 everterem
411 1164 492 1212 eaque,
504 1165 556 1212 quae
568 1148 659 1210 jamdiu
672 1148 704 1196 sd
714 1148 814 1197 salutem

141 1216 264 1274 sociorum,
277 1214 445 1276 utilitatemque
458 1212 597 1276 reipublicae,
610 1213 739 1275 composita
751 1228 815 1260 com·

141 1288 267 1344 parataque
275 1287 356 1337 essem,
365 1277 395 1324 ad
403 1293 456 1326 suos
462 1277 751 1341 inprobissimosquastus
760 1293 815 1326 oon·

142 1353 256 1400 verteret3
273 1343 315 1406 qui
328 1342 430 1405 primum
443 1351 515 1390 certos
527 1341 652 1389 instituerit
663 1342 760 1390 nomine
775 1341 814 1390 de-

141 1421 260 1467 cumanos,
275 1422 300 1454 re
311 1404 364 1456 veri
373 1406 489 1454 ministros
499 1422 526 1454 sc
536 1405 643 1454 satellites
658 1406 815 1468 cupiditatum

140 1485 235 1518 suerum
244 1488 251 1518 ι
269 1485 310 1534 per
318 1486 376 1533 quos
382 1470 499 1524 ostendam
508 1471 540 1519 sic
547 1469 688 1533 provinciam
695 1486 737 1534 per
744 1471 815 1518 trien-

140 1533 207 1587 nium
218 1543 325 1582 vexatum
335 1543 404 1597 etque
413 1544 533 1594 vastatam,
542 1534 676 1595 judices„ut
686 1550 741 1582 eam
750 1536 815 1582 mul.

139 1597 169 1644 tis
179 1598 253 1656 annia,
262 1599 392 1646 multorum
399 1599 530 1648 innocense
538 1598 704 1662 sapientisque,
712 1614 814 1648 remeate

139 1676 327 1776 nellllelmlldllim
341 1728 455 1787 omnium,
471 1729 512 1792 qui
526 1727 648 1776 decumam
661 1729 812 1787 vocabanttu,

139 1791 245 1866 princeps
262 1801 309 1840 erst
326 1791 358 1851 Q.
376 1792 416 1840 ille
434 1793 562 1856 Apmnius,
580 1807 651 1856 quem
668 1791 768 1840 videtise
785 1793 814 1842 de

139 1857 207 1917 cujus
220 1856 366 1920 improbitate
380 1857 500 1920 singtdari,
513 1856 701 1921 grauissimarum
716 1855 813 1920 legatio·

139 1921 198 1968 num
213 1921 366 1985 querimonis,
381 1921 485 1970 audistis
502 1921 632 1985 Adspicite,
646 1920 745 1980 judices,
761 1922 814 1970 vul-

138 1985 309 2036 tumhominis
326 1993 349 2034 et
363 1985 510 2048 adspectum
529 1995 560 2047 et,
575 2001 605 2034 ex
621 1985 649 2032 ed
666 1986 814 2034 contumacis

139 2065 212 2114 quam
222 2049 261 2098 htc
271 2050 296 2098 in
308 2049 402 2114 perdide
412 2052 480 2098 rebus
490 2050 581 2109 retinet,
592 2048 644 2098 illos
654 2049 707 2110 ejus
719 2049 814 2113 spiritu

139 2113 268 2167 Sicilienses
284 2130 342 2178 quos
356 2114 426 2162 luisse
443 2115 535 2178 putetis,
554 2114 650 2190 cogitate
666 2129 693 2162 ac
706 2115 812 2162 recorda-

140 2178 205 2226 mini.
224 2179 271 2226 Hic
289 2187 323 2227 est
339 2179 467 2254 Apronius,
487 2195 558 2242 qun
578 2194 604 2226 m
622 2177 742 2241 provinciis
764 2178 813 2226 toti

139 2241 233 2302 venes,
247 2259 301 2291 cum
316 2243 419 2307 undique
432 2243 582 2306 nequissimos
596 2242 702 2292 homines
715 2243 813 2306 conqui-

139 2305 213 2365 sisset,
230 2307 747 2370 etcumipsesaoumsuisimilesduxisset
765 2321 813 2354 nou

138 2383 223 2430 parum
233 2371 326 2430 multos,
338 2387 354 2418 n
384 2371 449 2431 uitii,
460 2372 562 2432 luxuria,
573 2371 678 2430 audaciis,
689 2371 727 2418 sui
737 2371 812 2418 simil-

137 2430 223 2477 limum
232 2433 350 2491 judicavit
383 2445 452 2499 taque
461 2436 516 2484 istos
526 2437 587 2484 inter
600 2452 625 2484 se
635 2435 741 2498 perbrevi
752 2445 812 2482 tam·

137 2507 200 2554 Ρθῐθι
214 2508 261 2540 non
276 2511 320 2553 res,
334 2512 380 2546 non
395 2501 462 2558 ratio,
478 2514 526 2548 uon
540 2499 708 2548 commendatio
721 2500 810 2562 aliqua,

137 2555 176 2601 aed
187 2554 314 2604 studiorum
326 2562 444 2623 turpitudo
455 2563 634 2627 similitudoque,
647 2563 777 2623 conjunxit.
893 2607 894 2614 ,

170 2617 249 2690 Yerrlt
257 2633 331 2694 mores
339 2624 455 2686 improbos
463 2627 612 2691 impurosque
619 2627 699 2675 ndstis.
716 2627 810 2690 Fingite
893 2647 894 2652 ¹

135 2682 207 2746 ΨΜ,
219 2695 239 2728 ⁸¹
248 2689 351 2744 With
362 2686 472 2761 Quem,
490 2691 540 2752 qui,
552 2692 576 2740 in
588 2691 697 2750 omuibus
711 2689 763 2740 istis
773 2706 808 2740 re-
893 2717 894 2773 ἑ
