1828 2966
125 147 173 199 loo
270 141 311 200 IN
326 144 476 200 VERREM
493 147 531 198 11„
548 144 612 196 Can.
624 147 648 196 Β.

121 276 206 336 Quem
216 277 360 328 btelaudem
368 277 571 338 eommunennait,
580 275 798 332 nbieeeemeeinng

123 343 174 416 qui,
188 359 242 390 cum
254 345 282 391 P.
291 343 391 391 Galbam
405 342 507 405 judicem
522 341 641 402 rejecisset,
653 339 691 386 M.
708 339 799 387 Lucre-

123 417 184 454 num
195 408 304 464 retinuit3
322 418 353 466 et,
365 423 418 455 cnm
434 407 483 467 ejus
493 415 603 469 patronus
621 420 650 451 ex
664 419 692 451 eo
707 419 800 467 qnaere-

123 480 166 529 ret,
187 487 297 520 ouranos
314 471 511 528 familiarissimos,
527 471 580 518 Sex.
599 468 749 528 Peducaeum,
763 468 798 527 Q.

124 534 268 595 Considium,
280 536 312 594 Q.
324 536 436 592 denium,
448 534 510 596 rejici
520 549 600 597 passus
610 541 684 588 esset;
701 547 798 594 respon-

123 597 166 657 dit,
178 599 240 662 quod
253 615 290 646 eoo
301 599 326 646 in
339 599 465 660 judicando
475 599 575 646 nimium
586 597 622 645 sui
634 597 694 658 juris
705 606 798 644 senten-

123 663 207 726 tiaque
219 661 395 728 [cognosoeret]

156 727 247 790 ltaque,
268 727 385 788 judicibus
406 727 502 790 rejectis,
520 729 649 792 sperabam,
666 727 718 786 jam
736 739 798 774 onus

121 805 202 838 meum
217 791 334 852 vobiscum
350 809 397 841 esse
408 807 537 840 commune.
564 792 689 850 Putabam,
701 803 748 838 non
759 806 798 838 ao-

121 855 173 901 lum
184 855 252 912 notis,
265 856 384 904 sedetiam
395 856 488 920 ignotis,
499 858 619 918 probatam
634 869 710 902 meam
722 854 796 902 fidem

121 933 169 966 ease
186 927 208 966 et
223 919 382 982 diligentiam:
401 921 464 984 quod
482 935 521 968 me
539 935 586 966 non
603 917 692 966 refellit
717 919 794 978 Nam,

121 982 219 1030 comitiis
230 983 295 1042 meis,
307 1001 361 1032 oum
371 985 414 1033 iste
428 984 518 1032 infiniti
532 983 651 1046 largitione
661 989 742 1030 contra
755 999 796 1032 me

121 1055 232 1107 uteretur,
245 1049 346 1112 populus
358 1049 480 1097 Romanus
492 1048 611 1109 Judicavit,
622 1047 688 1094 istius
698 1048 795 1110 pecuni-

121 1126 169 1170 am,
182 1128 234 1175 quae
245 1113 307 1176 apud
318 1129 356 1161 me
367 1123 445 1162 eontra
459 1113 529 1160 fidem
543 1127 620 1160 meam
631 1111 690 1158 nihil
704 1113 796 1174 potuin-

121 1185 164 1236 ιιι,
176 1177 238 1240 apud
253 1193 276 1226 se
289 1187 367 1226 contra
377 1179 489 1226 honorem
505 1191 584 1224 meum
599 1175 658 1222 nihil
671 1191 738 1238 poese
752 1176 794 1224 de-

120 1241 181 1289 bere.
199 1243 254 1301 Quo
282 1244 361 1290 uidem
371 1242 408 1291 die
418 1243 521 1306 primum
530 1239 618 1302 judices
624 1239 687 1287 citati
697 1239 722 1286 in
729 1239 795 1289 hune

120 1321 187 1353 reum
197 1322 250 1355 oona
280 1307 286 1318 ”
310 1307 400 1371 ',quis
411 1317 458 1354 tam
469 1305 576 1353 inimicus
586 1304 641 1352 huie
650 1303 726 1350 ordini
736 1303 795 1365 fuit,

120 1370 173 1432 quis
184 1379 232 1417 tam
247 1387 359 1418 novarum
373 1387 459 1429 rerum,
473 1369 624 1431 judiciorum,
638 1368 795 1432 judicumque

118 1433 224 1494 cupidus,
236 1435 277 1497 qui
289 1450 335 1482 non
346 1443 467 1498 conspectu
479 1429 630 1508 oonsessuque
641 1442 714 1480 vestro
727 1449 794 1480 oom-

120 1501 267 1546 moveretur?
284 1500 347 1546 Cum
357 1501 382 1546 in
393 1515 420 1546 eo
428 1507 502 1547 vestra
511 1496 570 1546 mihi
579 1497 679 1560 dignitas
687 1497 793 1546 fructum

119 1559 245 1622 diligentiae
257 1561 358 1620 referret,
372 1563 397 1610 id
414 1579 467 1610 sum
483 1571 607 1622 assecutus,
623 1571 651 1609 ut
665 1559 712 1608 uni
724 1560 791 1621 hori,

120 1623 167 1734 ppei
177 1624 233 1687 ooepi
244 1625 325 1684 dicere,
337 1643 375 1674 reo
386 1627 475 1684 audaci,
483 1627 613 1690 pecunioso,
625 1625 727 1688 profuso,
738 1642 792 1689 per-

138 1687 177 1745 'to,
200 1704 264 1750 spem
284 1690 365 1750 judicii
385 1691 547 1754 corrumpendi
567 1690 731 1753 praecideremt
752 1700 790 1751 ut,

119 1752 195 1815 primo
223 1753 251 1813 ἐ,
263 1755 355 1802 testium
367 1763 430 1804 tanto
441 1771 538 1803 numero
548 1756 625 1813 citato,
632 1755 732 1818 populus
740 1755 792 1802 lto.

120 1831 203 1864 manus
218 1818 339 1878 judiearet,
358 1820 408 1882 ipso
425 1820 530 1867 absoluto
547 1818 719 1881 rempublicam·
730 1827 792 1868 stare

120 1895 168 1929 non
176 1897 256 1944 posse:
273 1892 301 1930 ut
311 1885 368 1932 alter
378 1885 426 1932 dies
436 1884 516 1931 amieis
526 1883 591 1932 istius
599 1898 626 1930 ac
633 1882 793 1932 defensoribus

119 1960 167 1994 non
178 1947 247 1994 modo
257 1963 322 2011 spem
336 1949 443 2008 victorin,
459 1948 579 1996 sedetiam
593 1947 736 1994 voluntatem
750 1947 794 1996 de-

119 2009 238 2069 fensionis,
265 2012 378 2070 auferret3
403 2021 430 2060 ut
448 2013 527 2059 tertiun
546 2011 594 2059 dies
619 2011 650 2058 sic
670 2011 794 2062 hominem

119 2083 279 2137 prosterneret,
290 2084 326 2134 ut,
338 2079 418 2125 morbo
433 2077 550 2135 simulato,
562 2091 617 2134 non,
629 2075 687 2138 quid
780 2103 794 2118 -

120 2139 192 2199 deret,
209 2141 256 2199 aed,
266 2140 464 2251 puemadinodum
479 2155 526 2188 non
540 2091 794 2202 responderam

282 2220 303 2262 e,
321 2205 415 2268 reliquis
434 2205 523 2262 diebus,
541 2204 577 2250 his
595 2202 737 2264 criminibus,
754 2205 794 2253 hia

120 2263 224 2326 testibus,
244 2277 267 2315 et
285 2270 378 2316 urbanis
396 2279 419 2317 et
439 2268 625 2332 provincialibus,
645 2267 676 2314 aie
695 2269 793 2318 obrutus

120 2339 190 2392 atque
200 2347 321 2394 oppletus
331 2343 373 2392 est,
384 2344 420 2391 ut,
431 2334 468 2380 hia
478 2333 587 2380 ludorum
598 2330 679 2379 diebus
689 2331 793 2398 interpo-

119 2393 177 2448 sitis,
189 2409 257 2441 nemo
267 2395 338 2444 istum
348 2396 585 2460 comperendinatum,
599 2396 641 2443 ned
651 2396 802 2446 condemn&

122 2464 182 2513 tum,
192 2458 310 2516 judicaret.

120 2212 195 2250 reret:
213 2203 265 2251 dein

153 2520 227 2567 Vlll.
244 2522 391 2587 Quapropter
404 2541 455 2587 ego,
467 2525 529 2587 quod
545 2524 575 2572 ad
589 2539 628 2570 me
642 2523 733 2582 attinet,
749 2528 792 2588 jn-

119 2582 189 2642 dices,
197 2583 240 2630 vici
250 2602 257 2631 t
274 2599 321 2632 non
331 2589 393 2636 enim
405 2589 478 2650 spolia
488 2589 515 2636 C.
524 2588 613 2644 Verris,
620 2587 660 2636 aed
671 2588 792 2639 existima·

117 2647 204 2696 tionem
214 2649 296 2712 populi
306 2651 417 2713 Romani,
428 2652 555 2716 eoncupivi.
580 2651 665 2702 Meum
676 2651 723 2702 fuit
733 2669 791 2706 cum
